2138 3299
982 331 1252 371 -90-

405 472 514 512 quae
533 459 714 512 pertinet
733 459 784 498 ad
807 459 1151 499 consuetudinem
1169 459 1311 509 eam¹)‚
1333 472 1416 511 qua
1437 458 1646 499 coniuncti
1666 459 1823 499 fuerint

408 524 660 576 Speusippus
682 527 726 562 et
748 523 984 564 Lasthenia.
1016 522 1199 570 Accedit,
1224 524 1336 575 quod
1358 523 1448 570 loci,
1473 535 1577 575 quos
1600 522 1741 570 citavi,
1766 525 1822 564 ad

407 588 580 628 verbum
607 587 692 627 fere
719 591 954 639 congruunt
981 587 1089 627 inter
1110 599 1154 626 se
1181 587 1255 634 ita,
1285 591 1334 627 ut
1353 587 1536 628 dubitari
1564 600 1649 627 non
1676 587 1820 639 possit,

404 651 507 704 quin
535 665 589 692 ex
615 651 803 703 epistulis
833 651 1022 703 Dionysii
1050 652 1157 692 veris
1188 652 1419 705 Speusippo
1448 652 1580 693 missis
1608 651 1822 691 hauserint

405 720 605 756 auctores,
655 717 722 757 Ex
758 717 950 758 omnibus
986 720 1177 769 apertum
1211 721 1275 756 est
1315 716 1544 769 Speusippo
1580 716 1822 757 maledicere

405 785 606 820 conatum
633 793 721 821 esse
740 781 1134 833 epistolographum,
1163 782 1275 833 quod
1304 794 1439 833 neque
1458 780 1706 821 Lastheniae
1727 793 1821 820 con-

404 844 659 895 suetudine2)
696 845 874 897 turpiter
909 858 1030 885 usum
1058 857 1192 897 neque
1220 845 1418 896 pecuniae
1454 844 1684 897 cupiditate
1711 857 1821 884 eom-

406 909 654 960 prehensum
681 921 768 948 esse
795 909 1085 960 philosophum
1114 908 1373 959 comprobari
1402 912 1552 960 potest.

541 971 683 1012 Etiam
707 972 788 1012 alia
813 972 1091 1024 Speusippum
1114 971 1158 1011 in
1180 971 1358 1024 epistula
1383 975 1433 1012 36
1456 972 1712 1024 appellatum
1734 984 1822 1012 esse

405 1040 626 1075 testantur.
690 1036 904 1078 Habemus
935 1036 1046 1075 enim
1076 1037 1189 1088 apud
1221 1036 1448 1087 Diogenem
1478 1036 1691 1076 Laertium
1721 1036 1782 1076 IV
1798 1039 1821 1076 3

402 1101 521 1139 haec:
557 1102 654 1152 φασὶ
681 1101 724 1140 δὲ
753 1102 868 1140 αὐτὸν
898 1100 1210 1153 (Speusippum)
1247 1100 1306 1141 ἐπ’
1338 1101 1501 1154 ἀμαξίου
1530 1102 1743 1154 φερομένου
1769 1102 1821 1147 εἰς

403 1166 472 1214 τὴν
503 1164 770 1216 Ἀκαδημίαν.
789 1195 797 1202 .
816 1195 844 1209 .,
875 1177 983 1215 quae
1001 1177 1064 1215 ep.
1090 1168 1139 1204 36
1162 1165 1271 1204 Socr.
1293 1164 1524 1205 redduntur
1543 1164 1697 1204 verbis:
1722 1166 1821 1217 μηδὲ

402 1229 444 1267 τὸ
474 1228 633 1280 ἁμάξιον
662 1229 837 1279 θεωρεῖν,
867 1228 930 1279 ἐφ’
953 1230 982 1280 ᾧ
1013 1230 1060 1267 σὺ
1081 1230 1286 1279 ἐκπορεύῃ.
1322 1228 1549 1274 Accedunt,
1567 1241 1675 1279 quae
1693 1228 1820 1279 Speu-

401 1290 568 1342 sippum
590 1291 727 1342 ipsum
754 1291 976 1332 inducunt:
1007 1292 1255 1340 Σπεύσιππος
1282 1323 1290 1331 .
1308 1323 1316 1331 .
1345 1294 1461 1339 αἴτιος
1488 1299 1553 1332 τοῦ
1581 1294 1620 1339 ἐς
1639 1292 1819 1332 Σικελίαν

405 1356 542 1396 στόλου
580 1357 777 1410 ὁμολογῶν
814 1358 911 1397 εἶναι
950 1388 985 1397 ..
1041 1356 1229 1410 Denique
1259 1357 1388 1397 verba
1419 1356 1670 1409 Κέκροπος3),
1706 1359 1735 1409 ᾧ
1772 1359 1819 1397 σὺ

533 1476 565 1515 l)
590 1475 717 1508 Verbis
741 1477 901 1508 utentem
935 1478 968 1508 ἐν
990 1478 1037 1519 τῷ
1059 1477 1155 1518 ἥπατι
1177 1480 1235 1519 τῆς
1252 1475 1404 1509 Ἑλλάδος
1430 1475 1633 1508 κατοικοῦντά
1663 1488 1699 1508 σε
1728 1476 1820 1508 οὐδὲν

402 1529 519 1571 λέληθε
543 1528 658 1561 simile
680 1528 813 1571 aliquid
839 1530 874 1560 in
897 1530 1014 1560 animo
1029 1529 1195 1561 habuisse
1218 1530 1423 1570 scriptorem
1449 1538 1591 1565 censeo:
1620 1539 1699 1560 nam
1725 1529 1822 1560 iecur

403 1592 474 1613 non
497 1581 603 1614 modo
623 1581 804 1624 significat
837 1582 930 1621 „Sitz
953 1581 1015 1614 des
1038 1581 1209 1620 Lebens“‚
1241 1581 1304 1614 sed
1337 1582 1443 1614 etiam
1472 1582 1564 1621 „Sitz
1590 1581 1651 1614 der
1675 1581 1821 1614 Leiden-

403 1635 596 1668 schai'ten“.
621 1635 714 1667 Plut.
732 1635 854 1667 Moral.
879 1647 912 1677 p.
930 1635 1044 1668 450F:
1071 1636 1140 1676 περὶ
1163 1637 1199 1668 τὸ
1223 1636 1307 1677 ἧπαρ
1329 1637 1412 1676 ἀρχὴ
1435 1636 1492 1667 τοῦ
1515 1635 1748 1677 ἐπιθυμητικοῦ.
1773 1634 1817 1667 cf.

403 1688 510 1719 etiam
527 1688 617 1720 Plat.
635 1688 723 1720 Tim.
752 1688 852 1720 Locr.
869 1699 901 1730 p.
922 1688 1033 1720 100A.
1058 1688 1185 1727 Ritter,
1209 1699 1241 1730 p.
1253 1688 1328 1719 384.
1353 1687 1489 1719 Notatu
1504 1688 1656 1720 maxime
1673 1687 1820 1730 dignum

403 1741 489 1773 mihi
514 1741 656 1774 videtur
680 1742 778 1775 nullo
801 1742 871 1774 alio
888 1743 966 1775 loco
990 1741 1112 1774 urbem
1130 1741 1403 1774 Atheniensium
1426 1741 1477 1773 ita
1498 1741 1708 1783 appellatam
1731 1751 1820 1774 esse.

530 1795 565 1835 2)
590 1794 715 1827 Omnia
740 1805 830 1838 quae
846 1795 979 1828 scimus
1002 1794 1046 1827 de
1062 1794 1253 1827 Lasthenia
1271 1794 1450 1833 Arcadica,
1476 1795 1673 1837 composuit
1696 1795 1766 1826 iam
1789 1805 1820 1828 a.

402 1848 486 1881 1739
511 1848 570 1881 Jo.
598 1848 678 1881 Chr.
703 1848 812 1888 Wulf,
844 1848 1055 1891 Fragmenta
1087 1848 1274 1881 mulierum
1297 1858 1514 1891 graecarum,
1548 1858 1639 1891 quae
1663 1849 1820 1881 oratione

400 1911 505 1943 prosa
525 1902 742 1944 scripserunt
767 1904 837 1944 (ep.
863 1902 958 1934 Socr.
984 1902 1176 1943 neglecta).

530 1955 583 1988 De
613 1955 881 1994 consuetudine,
916 1966 986 1998 qua
1014 1956 1072 1988 usi
1109 1956 1181 1988 sint
1210 1954 1427 1998 Speusippus
1462 1958 1500 1988 et
1535 1955 1738 1995 Lasthenia‚
1773 1955 1817 1988 cf.

401 2009 553 2051 Fischer,
578 2020 608 2051 p.
632 2009 673 2042 31
684 2019 736 2051 sq.
756 2012 793 2042 et
805 2009 930 2048 Zeller‚
952 2009 1037 2047 11a⁴‚
1054 2020 1086 2051 p.
1107 2009 1180 2041 987.
1209 2009 1378 2041 Constare
1392 2008 1535 2041 videtur
1549 2009 1706 2041 omnium
1729 2020 1819 2051 quae

400 2062 435 2093 in
464 2062 697 2105 Speusippum
723 2066 760 2094 et
774 2062 1002 2095 Lastheniam
1025 2062 1118 2096 facta
1143 2065 1229 2095 sunt
1253 2062 1519 2105 opprobriorum
1545 2072 1687 2095 causam
1710 2062 1818 2095 fuisse

400 2126 522 2148 eorum
547 2116 749 2148 amicitiam.
795 2115 961 2148 Ceterum
987 2116 1220 2159 Speusippum
1251 2115 1361 2149 fuisse
1392 2116 1522 2149 amoris
1550 2115 1819 2159 cupidissimum

400 2170 462 2201 vix
492 2170 613 2210 negari
642 2179 745 2211 posse
776 2171 879 2211 puto:
913 2169 1057 2201 forsitan
1091 2179 1135 2201 ex
1168 2169 1235 2201 hac
1264 2179 1300 2201 re
1330 2169 1474 2201 morbus
1504 2169 1581 2201 eius
1610 2169 1818 2208 declaretur,

399 2223 460 2265 qui
490 2225 588 2255 certo
618 2223 760 2265 saepius
789 2232 910 2254 ansam
941 2221 1085 2255 dederat
1118 2222 1162 2254 ad
1193 2222 1439 2265 philosophum
1472 2222 1750 2255 consectandum
1781 2226 1819 2255 et

400 2275 629 2308 illudendum.
652 2293 687 2299 -
711 2276 900 2308 Arcessam
916 2276 1022 2307 etiam
1040 2276 1263 2318 proverbium
1281 2275 1458 2317 quoddam
1474 2276 1650 2319 Ἀρκαδίην
1663 2276 1696 2316 μ’
1710 2278 1818 2315 αἰτεῖς,

399 2329 496 2372 quod
524 2329 561 2361 in
585 2328 663 2362 cod.
690 2327 881 2361 Bodleiano
912 2328 975 2362 200
1003 2328 1063 2371 (cf.
1089 2328 1262 2368 Gaisford,
1287 2329 1526 2371 Paroemiogr.
1551 2330 1679 2372 graeci,
1708 2340 1742 2372 p.
1763 2330 1817 2371 19)

401 2386 545 2415 notatur
567 2382 686 2415 verbis
701 2383 751 2415 ἐπὶ
766 2386 829 2415 τῶν
842 2383 965 2425 μεγάλα
981 2383 1155 2420 ἀξιούντων
1169 2383 1288 2423 λαβεῖν.
1313 2401 1347 2406 -
1370 2382 1542 2416 Consulto
1558 2383 1664 2415 verba
1682 2385 1819 2426 ἥδεσθαι

400 2439 437 2469 et
459 2436 623 2470 Λασθενία
654 2439 781 2469 auctor
810 2446 873 2479 per
903 2436 1093 2469 ludibrium
1125 2437 1339 2480 composuit:
1374 2439 1480 2480 atque
1503 2439 1600 2469 certo
1625 2436 1817 2480 legendum

399 2493 456 2523 est
477 2492 504 2523 ὦ
531 2491 581 2529 A„
605 2501 675 2532 qua
696 2501 734 2522 re
760 2491 871 2522 ironia
896 2491 1003 2523 etiam
1026 2494 1190 2534 augetur.

528 2544 563 2585 3)
584 2543 683 2576 Haec
713 2542 928 2586 significatio
952 2545 1112 2586 opposita
1142 2547 1197 2577 est
1225 2543 1398 2586 epistulae
1420 2544 1478 2576 35:
1508 2543 1628 2585 Φοίβου
1649 2545 1818 2584 κοινώμασι

395 2599 601 2639 βλαστόντος.
630 2615 665 2622 -
694 2596 856 2640 Κέκροπος
865 2598 1015 2639 βλαστών
1040 2600 1093 2631 est
1110 2597 1339 2630 Atheniensis
1353 2597 1514 2639 quisque,
1538 2597 1689 2630 Athenis
1702 2600 1817 2637 natus,

398 2654 441 2683 ut
453 2650 610 2693 Kezpom‘a
623 2653 700 2682 erat
712 2661 839 2682 nomen
855 2651 949 2682 urbis
958 2651 1241 2683 Atheniensium.
1255 2651 1444 2693 Ceteroqui
1459 2650 1621 2693 praedico
1630 2651 1817 2684 Platonem
