2138 3299
912 337 1180 377 -71-

336 476 400 503 res
423 468 560 515 gestas
583 477 726 516 regum
754 465 1025 505 Macedonum
1050 464 1331 516 praetei·isset;
1361 465 1585 503 Isocratem
1610 468 1749 503 autem

340 528 408 568 illo
425 532 611 580 tempore
629 541 712 580 quo
725 528 954 568 orationem
971 529 1147 580 scripsit,
1167 541 1274 581 quae
1287 529 1478 576 Φίλιππος
1497 528 1747 575 inscribitur,

336 593 419 644 regi
447 594 634 634 nondum
662 594 911 632 malevolum
939 593 1063 632 fuisse
1091 606 1232 632 omnes
1260 594 1409 632 sciunt.

466 657 606 698 Etiam
626 658 677 698 de
694 657 919 704 simultate,
940 657 984 696 in
1001 671 1085 709 qua
1103 657 1228 697 fuerit
1248 658 1368 697 Plato
1388 671 1484 697 cum
1504 659 1686 697 Isocrate
1705 661 1747 696 et

335 722 615 773 Theopompo,
664 722 790 762 verba
835 722 994 773 aliquot
1038 722 1151 760 facta
1195 726 1311 760 sunt:
1358 722 1534 772 epistula
1579 722 1749 760 ineunte

338 786 589 838 Speusippus
621 785 863 825 criminatur
896 786 1134 832 Isocratem,
1168 787 1277 838 quod
1311 785 1355 825 in
1384 785 1549 838 scriptis
1579 785 1663 825 suis
1695 786 1748 826 ad

336 850 572 901 Philippum
600 850 709 889 datis
738 850 901 889 Platoni
929 850 1186 890 criminando
1214 863 1297 889 non
1324 850 1584 901 pepercisset.
1641 850 1748 889 Sane

334 914 484 954 mirum
497 918 573 961 est,
599 918 647 953 ut
662 914 745 954 iam
760 914 952 961 diximus,
977 918 1188 954 auctorem
1203 914 1316 961 illud,
1334 915 1445 967 quod
1461 914 1745 966 exprobravit,

333 977 376 1016 in
388 979 566 1028 epistula
579 992 663 1017 non
676 979 852 1029 amplius
861 979 1141 1029 explicavisse,
1152 980 1224 1018 sed
1239 979 1348 1019 idem
1363 983 1507 1030 postea
1514 979 1745 1030 Theopom-

335 1055 387 1092 po
404 1042 521 1081 obici.
558 1042 695 1093 Quare
711 1042 864 1094 quippe
881 1044 1001 1082 Plato
1018 1043 1061 1081 in
1080 1043 1273 1082 Isocratis
1292 1043 1481 1094 Philippo
1498 1043 1745 1082 nominatim

333 1106 482 1144 allatus
510 1119 593 1144 non
622 1106 689 1152 sit,
740 1106 1095 1158 epistolographus
1129 1107 1310 1145 nescisse
1340 1107 1515 1152 videtur,
1552 1108 1605 1147 ad
1639 1120 1747 1158 quae

332 1170 460 1210 verba
479 1174 686 1222 spectaret
706 1171 807 1210 haec
827 1171 1141 1223 exprobratiol).
1164 1195 1217 1200 —
1238 1170 1464 1210 Prinsterer
1486 1172 1743 1223 (Prosopogr.

333 1236 493 1274 Platon.
512 1249 550 1287 p.
574 1238 663 1285 117)
688 1235 788 1275 dicit
802 1237 939 1275 locum
952 1249 1004 1275 cx
1020 1236 1212 1275 Isocratis
1238 1235 1424 1275 oratione
1439 1238 1492 1277 ad
1509 1236 1745 1288 Philippum

331 1300 455 1340 missa
489 1314 529 1352 p.
568 1304 617 1339 84
634 1301 704 1350 E2)
739 1301 982 1340 arcessitum
1015 1301 1094 1341 sibi
1129 1315 1213 1340 non
1247 1303 1493 1352 persuadere
1528 1302 1745 1341 Platonem

332 1365 504 1404 Isocrati
524 1365 703 1416 primum
722 1366 883 1405 favisse.
925 1366 1015 1404 Mea
1033 1365 1202 1418 quidem
1220 1366 1427 1404 sententia
1448 1367 1567 1405 Plato
1589 1367 1742 1405 Isocra-

330 1433 416 1468 tem
444 1429 635 1469 iuvenem
663 1430 801 1481 magni
830 1430 1081 1476 aestimavit,
1111 1431 1182 1469 sed
1212 1434 1356 1481 postea
1384 1431 1437 1470 ab
1465 1443 1513 1469 eo
1541 1430 1740 1476 discessit,

330 1497 378 1532 ut
407 1506 459 1533 ex
489 1493 612 1532 variis
642 1493 890 1545 scriptorum
920 1494 1017 1534 locis
1049 1498 1235 1546 apparet,
1267 1494 1318 1533 cf.
1353 1495 1458 1533 Plat.
1493 1495 1665 1534 Phaedr.
1700 1508 1739 1546 p.

331 1561 406 1597 279
423 1557 509 1607 ΑΒ).
537 1581 585 1586 --
621 1559 712 1609 Qua
737 1558 781 1596 in
804 1558 1017 1597 simultate
1042 1558 1167 1596 fuerit
1193 1559 1313 1597 Plato
1339 1571 1434 1597 cum
1460 1559 1740 1609 Theopompo,

329 1621 464 1661 verbis
485 1634 643 1673 paragr.
670 1626 716 1661 10
736 1621 837 1661 satis
856 1621 1118 1674 exprimitur;
1150 1622 1389 1674 ceteroquin
1399 1622 1606 1668 conferas,
1637 1635 1743 1673 quae

329 1699 453 1738 supra
480 1687 811 1727 commemoravi.

463 1817 559 1867 Jam
589 1820 879 1856 convertamus
909 1830 983 1855 nos
1014 1818 1066 1857 ad
1096 1820 1244 1862 cetera,
1276 1829 1383 1868 quae
1413 1816 1536 1855 affert
1564 1817 1743 1869 epistula

328 1885 559 1920 memoratu
601 1880 737 1932 digna,
782 1882 1091 1932 perscrutanda.
1178 1880 1345 1920 Litteris
1388 1880 1741 1920 commendaticiis

326 1944 681 1995 cpistolographus
708 1945 792 1996 regi
820 1946 1085 1985 commendat
1113 1945 1397 1995 Antipatrum,
1427 1944 1498 1996 qui
1526 1945 1606 1983 fert
1634 1946 1740 1983 hanc

327 2008 560 2060 epistulam.
616 2008 694 2048 Hic
722 2009 880 2048 auctori
907 2008 1108 2061 epistulae
1136 2009 1391 2048 occasionem
1419 2009 1589 2060 praebet
1615 2022 1738 2060 exop-

326 2076 474 2118 tatam,
506 2072 743 2123 perficiendi
772 2074 883 2124 quod
912 2077 1086 2124 spectat,
1120 2077 1166 2112 ut
1186 2072 1378 2111 Isocratis
1409 2074 1460 2112 de
1489 2073 1739 2111 auctorit-ate

325 2137 531 2183 detrahat,
572 2150 666 2176 cum
694 2151 778 2176 non
805 2138 938 2177 solum
967 2149 1090 2176 causa
1118 2136 1173 2175 sit
1201 2137 1350 2175 harum
1379 2136 1625 2183 litterarum,
1665 2137 1736 2176 sed

458 2233 492 2276 1)
516 2233 630 2273 Quem
661 2232 705 2265 ad
742 2233 858 2266 locum
888 2233 1082 2276 respexerit
1110 2233 1277 2266 Isocratis
1307 2232 1532 2271 obtrectator,
1568 2233 1601 2265 J.
1633 2232 1735 2275 casp.

326 2287 477 2320 Orenius
507 2288 529 2318 l.
555 2298 584 2319 c.
615 2298 647 2329 p.
674 2287 737 2319 330
767 2286 912 2319 indicat:
946 2288 981 2318 in
1010 2297 1084 2329 cap.
1108 2287 1127 2318 5
1161 2286 1266 2318 huius
1299 2286 1468 2319 orationis
1498 2286 1673 2319 Isocrates
1702 2287 1736 2318 in

324 2341 498 2383 sophistas
527 2341 715 2372 invehitur.
757 2340 808 2372 Of.
836 2340 880 2371 H.
905 2340 1089 2382 Gomperz,
1113 2339 1226 2371 Wien.
1267 2339 1416 2372 Studien
1442 2340 1539 2372 1906:
1578 2339 1645 2372 Die
1668 2342 1738 2372 An-

323 2394 430 2437 griffe
455 2393 515 2426 auf
537 2394 663 2426 Platon
687 2394 736 2426 im
756 2393 953 2437 Philippos;
979 2393 1024 2426 cf.
1049 2394 1156 2426 etiam
1179 2393 1308 2433 Obens,
1333 2405 1365 2436 p.
1382 2393 1432 2426 39.

453 2448 486 2489 2)
510 2458 584 2490 cap.
603 2448 623 2480 5
647 2447 701 2481 ed.
727 2448 841 2481 Blass.

454 2502 488 2543 3)
512 2501 583 2534 vid.
608 2501 651 2535 B.
675 2512 745 2534 von
771 2501 909 2545 Hagen,
931 2501 1026 2534 Num
1048 2501 1209 2534 simultas
1232 2502 1469 2535 intercesserit
1488 2502 1634 2535 Isocrati
1657 2512 1738 2535 cum

323 2555 482 2596 Platone,
506 2556 587 2588 Jen.
612 2555 702 2587 Diss.
728 2556 822 2588 1906.
848 2556 894 2588 H.
920 2556 1102 2598 Gomperz,
1126 2555 1241 2588 Wien.
1261 2555 1361 2587 Stud.
1383 2556 1475 2592 1906,
1498 2556 1677 2588 Isokrates
1700 2566 1736 2588 u.

324 2607 381 2640 die
404 2608 575 2640 Sokratik.
622 2608 686 2641 Ed.
710 2608 836 2648 Zeller,
860 2609 884 2641 l.
910 2620 938 2641 c.
963 2609 1051 2648 11a⁴‚
1075 2620 1107 2651 p.
1127 2609 1189 2642 427
1202 2618 1252 2651 sq.
1301 2608 1413 2647 Blass‚
1438 2620 1470 2651 p.
1488 2609 1589 2651 28sq.
1635 2608 1736 2640 Ferd.

323 2661 517 2700 Damnum,
542 2662 722 2701 Akadem.,
748 2662 840 2699 1889,
868 2673 899 2704 p.
918 2664 970 2694 55.
