2138 3299
984 317 1251 357 —22—

405 447 631 497 sumpsisse
652 458 701 486 ex
722 446 900 487 Platonis
922 446 1120 486 Convivio
1142 446 1236 495 (222
1246 445 1310 494 A),
1342 452 1384 486 ut
1404 451 1534 486 textus
1554 448 1823 488 restituendus

406 511 475 551 sit:
506 510 743 562 Εὐθύδαμον
766 512 830 550 τὸν
868 509 1091 557 «Διοκλέους
1111 511 1179 549 καὶ
1197 509 1406 563 Χαρμίδην
1426 512 1507 550 τὸν)
1545 510 1821 564 Γλαύκωνοςῑ).

409 575 577 615 Ceteros
605 576 725 622 viros,
764 586 938 625 quorum
970 576 1122 615 mentio
1152 576 1195 614 fit
1221 576 1296 614 hac
1324 576 1510 626 epistula,
1540 576 1693 616 eisdem
1723 581 1822 616 tern-

408 639 575 691 poribus
604 638 817 680 attribuere
848 650 1080 691 possumus.
1123 638 1185 680 Ad
1215 650 1288 680 eos
1316 641 1500 692 spectant
1527 640 1648 681 verba
1677 651 1740 693 ep.
1776 640 1823 681 13

408 705 529 744 haec:
559 706 628 742 καὶ
656 710 730 743 τῶν
760 707 807 743 τὰ
837 707 948 743 κοινὰ
977 705 1231 755 πρασσόντων
1262 705 1500 756 Ἐπικρατέα
1528 707 1592 744 τὸν
1621 705 1823 756 Σακεσφό-

410 781 488 820 ρον,
518 769 586 808 καὶ
614 767 910 822 Εὐρυπτόλεμον
947 770 1015 808 καὶ
1042 771 1115 816 τὼς
1150 769 1286 816 ἄλλως.
1334 769 1384 817 ὡς
1414 770 1446 809 εἰ
1474 771 1542 809 καὶ
1569 769 1755 822 Περικλεῖ
1779 784 1824 823 γε

408 839 460 871 τῶ
492 833 709 872 Ξανθίππω
740 835 792 885 μὴ
823 834 862 872 αἱ
892 834 1120 885 στρατηγίαι
1149 835 1252 885 ἦσαν
1278 836 1347 872 καὶ
1374 835 1394 873 ὀ
1423 835 1589 886 πόλεμος
1616 836 1712 882 τότε,
1748 837 1823 875 κᾶν

408 899 527 944 οὗτος,
565 898 682 949 οἶμαι,
717 898 765 948 ἡν
802 900 910 948 παρὰ
948 898 1003 936 σέ.
1062 897 1278 948 Epicrates,
1316 898 1430 938 cuius
1465 899 1680 939 auctoritas
1713 900 1823 950 apud

408 961 607 1012 populum
630 973 713 1002 non
736 973 855 1013 parva
876 962 1000 1002 fuisse
1015 962 1181 1010 videtur,
1203 964 1285 1002 erat
1304 962 1362 1002 vir
1383 963 1591 1010 σπουδαῖος
1611 965 1678 1002 καὶ
1697 964 1823 1003 πολλὰ

406 1025 598 1076 χρήσιμος
632 1031 680 1076 τῇ
717 1025 828 1064 πολει
865 1026 929 1075 (cf.
960 1026 1165 1070 Kirehner,
1202 1026 1371 1077 Prosop.
1407 1025 1520 1066 Att.1
1549 1038 1579 1067 s.
1602 1027 1822 1077 4859)²)³).

407 1089 563 1140 Magna
593 1092 652 1129 cst
672 1090 871 1141 quaestio,
901 1090 970 1141 qui
991 1090 1288 1141 intellegendus
1312 1091 1362 1130 sit
1382 1089 1715 1143 Euryptolemus;
1743 1103 1822 1144 ego

411 1154 575 1205 quidem
607 1154 718 1194 illum
749 1166 838 1194 esse
869 1166 1031 1202 censeo,
1069 1155 1138 1206 qui
1167 1155 1285 1194 variis
1321 1155 1464 1195 citatus
1492 1156 1592 1196 locis
1622 1154 1829 1208 (Xenoph.*

410 1218 569 1258 Hellen.
589 1218 615 1266 1,
636 1218 740 1266 4,19.
762 1218 865 1266 7,12.
887 1218 911 1266 l,
934 1218 1036 1267 7,16.
1058 1219 1122 1259 34.
1153 1218 1252 1259 Plut.
1273 1218 1338 1258 vit.
1360 1218 1487 1259 Alcib.
1508 1231 1541 1260 c.
1562 1220 1627 1260 32.
1656 1219 1822 1261 Axioch.

408 1283 544 1332 (plat.)
574 1295 612 1333 p.
635 1283 772 1333 369A)
804 1283 964 1323 Periclis
992 1283 1234 1333 familiaris⁴)
1265 1283 1468 1334 (Xenoph.
1499 1284 1656 1325 Hellen.
1677 1285 1702 1333 1,
1720 1285 1822 1332 7,16.

409 1347 478 1395 21)
508 1348 549 1386 in
580 1359 719 1388 eorum
751 1359 920 1388 numero
950 1348 1034 1395 fuit,
1065 1348 1133 1399 qui
1153 1346 1403 1387 Alcibiadem
1424 1359 1458 1387 a.
1481 1348 1559 1388 408
1589 1348 1822 1389 redeuntem

410 1412 701 1462 exspectabant
721 1412 872 1462 quique
889 1424 924 1451 a.
936 1412 1013 1451 406
1030 1416 1234 1462 praetores
1253 1423 1302 1451 ex
1322 1423 1460 1463 pugna
1477 1413 1587 1463 apud
1602 1412 1825 1464 Arginusas

407 1476 509 1515 facta
539 1475 578 1514 in
611 1476 673 1515 ius
702 1476 872 1516 eductos
901 1475 1090 1516 defendit.

539 1539 727 1591 Denique
749 1540 1071 1591 contemplemur
1091 1542 1265 1580 extrema
1285 1541 1419 1588 verba,
1441 1551 1545 1592 quae
1566 1541 1616 1581 ad
1633 1541 1830 1582 Periclem.

410 1609 594 1655 spectant
630 1615 817 1655 quaeque
855 1605 1022 1644 minime
1060 1607 1152 1655 apta
1182 1605 1298 1645 allata
1329 1616 1418 1645 esse
1447 1605 1642 1646 videntur.
1699 1605 1825 1654 Quod

410 1669 579 1720 pertinet
626 1669 678 1708 ad
717 1668 1070 1715 consuetudinem,
1116 1679 1221 1719 quae
1259 1669 1521 1709 intercesserit
1557 1669 1695 1710 Pericli
1732 1681 1823 1710 cum

541 1831 573 1870 l)
599 1829 716 1861 Obens
740 1830 762 1861 1.
780 1840 808 1862 c.
834 1840 866 1871 p.
887 1831 940 1865 21,
972 1829 1054 1870 quia
1076 1829 1245 1871 Glyconis
1269 1828 1364 1861 filius
1388 1828 1645 1870 Euthydemus.
1669 1830 1826 1871 sophista

408 1893 477 1915 non
509 1884 666 1925 ignotus,
696 1886 845 1915 vocatus
875 1885 940 1919 est,
973 1882 1081 1914 verba
1104 1883 1280 1924 Σωκράταν
1307 1883 1356 1915 καὶ
1379 1884 1444 1916 τὼς
1465 1883 1638 1917 καλλίσταις
1658 1887 1722 1916 τῶν
1747 1885 1826 1915 νέων

407 1938 524 1980 spuria
547 1947 624 1969 esse
651 1936 842 1974 concludit,
869 1936 930 1968 sed
954 1939 995 1968 ut
1010 1936 1158 1968 arbitror
1181 1936 1229 1967 nil
1245 1936 1426 1975 habemus,
1450 1937 1544 1979 quod
1567 1938 1824 1979 praetermitta-

407 2001 487 2023 mus
518 2000 607 2032 quae
638 1989 833 2031 supplenda
862 1990 1047 2031 proposuit
1070 1989 1378 2022 Wilamowitzius.
1413 1990 1598 2022 Praeterea
1620 1990 1680 2021 illa.
1708 1991 1824 2027 verba.

408 2044 436 2078 si
458 2054 544 2076 vera
569 2046 663 2083 sunt,
689 2052 760 2075 non
777 2041 985 2085 impediunt,
1010 2052 1053 2075 ne
1069 2041 1248 2085 dialogum
1268 2041 1440 2086 prioribus
1459 2042 1618 2075 habitum
1644 2052 1721 2076 esse
1736 2045 1826 2076 bem·

407 2098 553 2140 poribus
576 2100 753 2140 putemus.

540 2152 575 2191 2)
600 2150 787 2182 Demosth.
811 2149 903 2182 XIX
931 2151 1008 2182 277.
1035 2149 1119 2193 Lys.
1143 2149 1288 2182 XXVII
1306 2152 1336 2183 5.

540 2206 575 2244 3)
601 2204 718 2236 Obens
742 2203 872 2236 adiecit
894 2214 926 2245 p.
943 2205 1002 2235 21:
1029 2202 1137 2242 „Miro
1162 2203 1266 2236 modo
1284 2204 1465 2245 Epicrates
1487 2204 1683 2245 appellatur
1706 2205 1825 2236 Saces-

410 2258 551 2301 phorus.
579 2257 750 2300 Equidem
773 2260 859 2300 puto
884 2267 976 2296 eum,
1004 2257 1065 2299 qui
1088 2257 1180 2291 hanc
1204 2257 1393 2300 epistulam
1417 2257 1605 2299 scripserit,
1629 2268 1700 2290 non
1725 2258 1826 2291 intel-

413 2312 553 2348 lexisse,
578 2310 661 2353 quid
685 2311 751 2342 sibi
777 2311 886 2344 vellet
911 2311 978 2343 hoc
1003 2320 1199 2354 cognomen
1224 2321 1338 2353 neque
1363 2311 1509 2343 scivisse
1533 2310 1600 2343 hoc
1623 2321 1750 2344 nomen
1776 2312 1826 2344 illi

408 2376 430 2398 a
451 2365 600 2397 Platone
631 2365 765 2398 comico
791 2375 852 2407 per
881 2364 1073 2398 ludibrium
1101 2364 1223 2397 datum
1249 2374 1338 2401 esse.
1369 2363 1463 2407 quod
1491 2363 1658 2406 grandem
1684 2365 1825 2397 barbam

408 2419 585 2451 haberet.“
636 2419 731 2452 Huic
761 2419 962 2452 sententiae
994 2419 1055 2450 vix
1086 2419 1336 2451 assentiemur:
1370 2419 1400 2450 is
1424 2418 1483 2461 qui
1506 2417 1701 2450 doctrinam
1724 2428 1826 2451 suam

409 2473 648 2506 demonstrare
679 2474 768 2513 vult,
799 2474 867 2506 hoc
897 2473 1071 2515 Epicratis
1101 2483 1297 2515 cognomen
1330 2473 1406 2505 sive
1436 2482 1481 2504 ex
1510 2472 1658 2505 Platone
1689 2473 1825 2506 comico

409 2527 485 2569 ipso
509 2527 583 2559 sive
606 2537 650 2558 ex
674 2526 814 2569 dialogo
832 2526 984 2569 quodam
1007 2527 1065 2559 vel
1083 2526 1150 2558 alio
1166 2527 1297 2568 scripto
1313 2525 1373 2558 vel
1387 2526 1463 2558 vita
1479 2524 1629 2568 quadam
1645 2525 1825 2569 depromp-

409 2581 498 2614 sisse
521 2579 672 2615 videtur.
697 2581 859 2614 Fortasse
877 2590 1018 2624 quoque
1043 2580 1110 2613 hoc
1125 2590 1323 2623 cognomen
1338 2580 1431 2612 inter
1453 2589 1576 2612 omnes
1592 2582 1717 2612 notum
1740 2582 1824 2613 erat.

541 2637 575 2675 4)
601 2634 645 2667 cf.
672 2634 853 2674 Kirchner,
880 2635 1022 2677 Prosop.
1051 2634 1126 2667 Att.
1153 2645 1180 2667 s.
1205 2645 1262 2666 nn.
1292 2635 1383 2669 5984
1408 2637 1445 2666 et
1469 2634 1570 2667 5985.
