2138 3299
903 320 1171 361 -67-

325 459 375 486 ea
387 459 549 494 arcana,
565 460 672 501 quae
685 448 738 487 ad
754 448 978 487 Isocratem
993 448 1281 489 infamandum
1294 451 1542 499 spectarent.
1572 447 1738 499 Epistu-

325 512 388 551 lae
418 525 525 564 quae
554 516 699 553 contra
731 513 955 552 Isocratem
984 513 1162 565 scriptae
1195 513 1423 565 Speusippo
1455 513 1734 558 vindicantur,

324 589 450 628 grave
486 578 686 629 praebent
723 577 1008 617 testimonium
1045 578 1166 617 huius
1204 579 1439 618 simultatis.
1518 579 1737 618 Praeterea

327 640 578 694 Speusippus
602 653 769 693 quoque
793 641 944 681 librum
975 643 1070 693 πρὸς
1094 644 1157 682 τὸν
1181 642 1441 694 Ἀμάρτυρον,
1474 642 1499 681 i.
1526 654 1559 681 e.
1587 642 1737 682 librum

324 710 467 745 contra
489 706 682 746 Isocratis
703 706 933 745 orationem
952 706 1066 745 illam
1085 707 1318 747 iudicialem
1340 707 1406 755 (cf.
1432 707 1475 745 P.
1501 707 1628 758 Lang,
1650 708 1675 745 l.
1700 720 1734 745 c.

324 782 361 821 p.
383 773 448 820 38)
465 770 750 821 conscripsisse
767 770 978 818 videturl).
1012 771 1048 809 E
1063 775 1155 809 tota
1171 771 1348 822 epistula
1367 770 1577 810 Socratica
1594 775 1736 809 autem

323 835 430 874 inter
452 834 540 874 illos
565 834 673 874 viros
696 833 931 874 inimicitias
954 836 1068 876 haud
1090 835 1258 887 exiguas
1282 835 1406 874 fuisse
1429 834 1557 874 conici
1582 839 1733 887 potest.

453 899 548 937 Non
566 899 702 938 solum
724 899 906 938 Platonis
926 903 969 937 et
993 899 1210 951 Speusippi
1231 904 1333 946 erat,
1355 900 1427 940 sed
1447 900 1611 939 scholae
1631 901 1733 939 Aca·

322 963 504 1004 demicae
534 963 713 1009 omnino,
748 964 972 1002 Isocratem
1001 964 1170 1016 eiusque
1200 964 1460 1015 disciplinam
1490 964 1731 1009 consectari,

321 1028 432 1078 quod
453 1027 486 1065 is
506 1027 675 1079 eiusque
696 1027 882 1079 discipuli
904 1040 988 1067 non
1007 1029 1328 1079 perseverabant
1348 1028 1392 1067 in
1413 1028 1596 1067 Platonis
1618 1040 1732 1079 prae-

321 1093 450 1143 ceptis
467 1096 509 1130 et
527 1092 809 1143 philosophiae
826 1092 1046 1144 principiis.
1088 1093 1180 1143 Qua
1197 1094 1248 1133 de
1265 1105 1390 1131 causa
1407 1096 1550 1131 auctor
1568 1105 1734 1143 quoque

319 1156 520 1207 epistulae
533 1156 653 1195 huius
668 1157 852 1195 omnium
866 1157 1160 1208 discipulorum
1172 1157 1283 1196 laudi
1298 1157 1531 1196 obtrectare
1544 1161 1733 1196 conatur.

323 1220 451 1260 Simul
487 1221 564 1259 hac
599 1221 777 1272 epistula
812 1222 1019 1267 docemur,
1057 1222 1266 1272 quomodo
1303 1222 1480 1260 asseclae
1516 1221 1731 1272 utriusque

318 1285 481 1324 scholae
508 1285 559 1324 de
589 1285 767 1336 Philippi
794 1283 899 1337 regis
927 1285 1061 1337 gratia
1089 1286 1386 1335 certaverint2).

451 1349 588 1388 Primo
605 1351 942 1401 contemplemur,
961 1363 1045 1401 qua
1060 1350 1221 1389 ratione
1237 1350 1462 1389 insectatus
1478 1349 1534 1389 sit
1551 1350 1729 1390 Pseudo-

316 1414 559 1464 speusippus
585 1415 899 1465 Theopompum
922 1415 1087 1465 Chium„
1118 1415 1307 1466 Legimus
1344 1416 1447 1463 §l2t
1481 1415 1729 1465 πυνθάνομαι

317 1478 359 1516 δὲ
395 1479 462 1516 καὶ
490 1477 719 1530 Θεόπομπον
748 1479 841 1529 παρ’
871 1479 957 1530 ὑμῖν
988 1480 1055 1529 μὲν
1093 1480 1189 1517 εἶναι
1225 1479 1326 1517 πάνυ
1361 1479 1522 1530 ψυχρὸν,
1560 1480 1648 1529 περὶ
1686 1479 1728 1516 δὲ

317 1542 520 1588 Πλάτωνος
540 1543 795 1594 βλασφημεῖν,
825 1545 892 1581 καὶ
921 1550 1040 1582 ταῦτα
1062 1545 1192 1594 ὥσπερ
1215 1545 1256 1582 οὐ
1276 1542 1481 1589 Πλάτωνος
1511 1543 1580 1593 τὴν
1601 1543 1728 1594 ἀρχὴν

316 1612 383 1658 τῆς
412 1608 537 1659 ἀρχῆς
566 1608 627 1646 ἐπὶ
656 1606 856 1659 Περδίκκᾳ
885 1608 1254 1654 κατασκευάσαντος
1276 1639 1283 1645 .
1303 1638 1309 1645 .
1329 1639 1335 1645 .
1357 1640 1360 1644 .
1385 1609 1453 1647 ἵνα.
1477 1609 1541 1646 οὖν
1556 1606 1727 1659 Θεόπομ-

316 1685 385 1717 πος
413 1672 611 1722 παύσηται
644 1675 787 1723 τραχὺς
817 1674 881 1720 ὢν,
919 1673 1104 1712 κέλευσον
1132 1672 1389 1723 Ἀντίπατρον
1427 1678 1729 1723 παραναγνῶναι

315 1741 388 1775 τῶν
424 1735 662 1786 Ἑλληνικῶν
691 1735 867 1787 πράξεων
898 1738 1014 1788 αὐτῷ,
1045 1738 1112 1775 καὶ
1140 1737 1329 1788 γνώσεται
1349 1735 1576 1788 Θεόπομπος
1606 1736 1727 1774 δικαί-

314 1814 366 1846 ως
403 1802 471 1852 μὲν
509 1802 582 1839 ὑπὸ
618 1801 771 1839 πάντων
809 1800 1110 1853 ἐξαλειφόμενος,
1148 1802 1292 1847 ἀδίκως
1329 1802 1372 1840 δὲ
1408 1807 1475 1851 τῆς
1512 1803 1621 1851 παρὰ
1659 1807 1727 1839 σοῦ

313 1865 500 1915 χορηγίας
529 1865 740 1915 τυγχάνων.
769 1887 822 1892 -
850 1865 1017 1902 Praeter
1038 1866 1115 1903 hoc
1138 1867 1189 1905 de
1209 1865 1435 1910 simultate,
1466 1876 1573 1915 quae
1601 1865 1726 1902 inter-

315 1929 479 1967 cesserit
502 1929 767 1980 Theopompo
790 1941 886 1967 cum
908 1928 1093 1974 Platone,
1118 1928 1308 1968 audimus
1331 1929 1441 1980 apud
1464 1929 1725 1967 Athenaeum

314 1992 370 2030 VI
393 2004 430 2042 p.
445 1993 559 2032 508C
578 1992 893 2043 Theopompum
912 1992 1119 2042 scripsisse
1137 1992 1302 2038 librum,
1327 1993 1397 2043 qui
1417 1997 1506 2030 erat
1526 1994 1629 2031 κατὰ
1657 1998 1725 2042 τῆς

312 2056 517 2103 Πλάτωνος
552 2055 793 2108 διατριβῆςθ).
849 2056 984 2096 Verba
1013 2057 1280 2108 Theopompi,
1316 2069 1439 2108 quern
1470 2056 1723 2108 Speusippus

310 2120 517 2171 significat
542 2123 619 2159 hac
646 2121 823 2171 epistula
848 2124 992 2172 τραχὺς
1021 2123 1072 2159 ὤν
1106 2144 1159 2149 —
1190 2124 1373 2159 ceterum
1399 2121 1499 2159 haec
1526 2125 1569 2158 et
1597 2121 1723 2159 verba

311 2196 417 2235 quae
442 2188 671 2236 sequuntur
703 2185 803 2223 πάνυ
834 2185 979 2236 ψυχρός
1013 2185 1134 2235 plane
1159 2184 1398 2235 exprimunt
1426 2184 1567 2223 odium
1594 2187 1722 2235 atque

309 2248 565 2288 simultatem
583 2248 805 2289 adversarii
823 2271 876 2276 ——
893 2248 1003 2286 acria
1020 2252 1147 2299 atque
1165 2248 1312 2288 acerba
1329 2247 1456 2286 fuisse
1473 2252 1620 2286 notum
1637 2251 1718 2286 est:

311 2315 520 2350 testantur
543 2313 649 2351 hanc
673 2311 926 2362 Theopompi
949 2311 1129 2352 indolem
1150 2311 1253 2351 varii
1275 2311 1507 2362 scriptores,
1531 2315 1579 2350 ut
1602 2312 1721 2361 Poly-

310 2376 400 2416 bius
425 2376 544 2426 (VIII
571 2379 678 2427 llsq.
704 2376 790 2415 XII
815 2379 946 2427 25sq.)
967 2380 1010 2415 ct
1032 2376 1239 2416 Cornelius
1263 2376 1399 2427 Nepos
1424 2375 1483 2425 (in
1504 2375 1592 2415 vita
1615 2375 1721 2414 Alci-

438 2486 471 2526 1)
494 2485 599 2527 Diog.
626 2484 667 2516 L.
685 2484 775 2517 IV5.

436 2539 471 2580 2)
495 2538 532 2571 O.
556 2538 759 2578 Reinhardt,
784 2538 837 2571 De
862 2538 1027 2571 Isocratis
1051 2538 1212 2578 aemulis,
1236 2537 1353 2571 Bonn.
1379 2537 1470 2571 Diss.
1496 2536 1593 2576 1873,
1618 2547 1649 2579 p.
1667 2537 1719 2569 43.

435 2592 470 2631 3)
494 2591 566 2624 vid.
593 2592 698 2625 etiam
716 2592 759 2624 de
775 2592 842 2625 hoc
858 2593 988 2635 scripto
1005 2591 1294 2629 Christ-Schmid‚
1317 2591 1457 2626 Griech.
1473 2591 1686 2632 Literaturg.
1705 2591 1721 2621 Ι

306 2656 339 2688 p.
359 2646 431 2685 503,
455 2645 533 2678 adn.
553 2647 583 2677 8.

1484 2699 1526 2731 5*
