2138 3299
908 319 1163 360 -73-

473 451 650 491 Alterius
663 450 873 502 scriptoris
885 462 1035 496 rerum,
1046 451 1097 491 de
1110 463 1193 502 quo
1206 450 1318 490 haud
1332 450 1463 488 multa
1477 448 1749 500 comperimus

338 517 450 567 apud
470 516 569 555 alios
589 515 808 566 scriptores
829 518 999 561 veteres,
1022 515 1177 554 mentio
1198 515 1249 553 fit
1268 513 1389 554 huius
1409 514 1611 565 epistulae
1631 525 1749 565 para—

336 580 493 630 grapho
512 583 553 618 4:
576 580 700 618 καίτοι
718 580 859 618 τούτων
878 581 956 631 χρὴ
986 581 1038 631 μὴ
1069 580 1181 632 μόνον
1207 579 1412 630 Ἡρόδοτον
1441 580 1509 617 καὶ
1537 578 1749 630 Δαμάστην

339 645 563 696 μεμνῆσθαι
591 650 665 682 τῶν
695 645 933 695 εὐεργεσιῶν.
974 643 1037 681 De
1063 644 1141 681 hoc
1171 643 1404 691 Damast-el)
1432 643 1559 681 refert
1581 641 1747 682 Suidas:

338 707 547 760 Δαμάστης
581 707 748 759 Σιγειεὺς
785 709 862 747 ἀπὸ
899 708 1062 759 Σιγείου,
1103 714 1175 759 γῆς
1211 713 1278 758 τῆς
1311 707 1496 758 Τροάδος,
1534 706 1749 754 Διωξίππου

337 772 415 817 υἱὸς
442 774 617 822 γεγονὼς,
652 774 727 822 πρὸ
763 778 837 811 τῶν
873 771 1247 822 Πελοποννησιακῶν
1286 773 1496 822 σύγχρονος
1530 770 1749 821 Ἡροδότου,

336 841 411 874 τῶν
458 835 725 875 παλαιοτάτων
775 836 973 887 ἱστορικός
1039 836 1208 887 γέγραφε
1254 837 1340 886 περὶ
1387 841 1462 874 τῶν
1505 836 1545 874 ἐν
1592 833 1750 873 Ἑλλάδι

336 900 675 950 γενομένωψπερί
708 901 851 951 γονέων
887 902 955 939 καὶ
987 900 1185 951 προγόνων
1219 906 1292 938 τῶν
1336 901 1387 945 εἰς
1413 893 1531 938 Ἴλιον
1570 912 1748 949 στρατευ-

337 963 514 1015 σαμένων
543 964 670 1012 βιβλία
700 964 778 1010 δύο,
816 965 942 1003 ἐθνῶν
970 964 1187 1015 κατάλογον
1224 965 1292 1002 καὶ
1319 963 1480 1009 πόλεων,
1518 965 1604 1013 περὶ
1639 976 1748 1013 ποιη-

336 1032 409 1065 τῶν
437 1029 505 1065 καὶ
523 1033 711 1078 σοφιστῶν
739 1029 807 1066 καὶ
828 1028 928 1066 ἄλλα
959 1028 1083 1080 συχνά
1103 1041 1108 1046 ·
1128 1028 1260 1078 γέγονε
1290 1028 1333 1065 δὲ
1358 1026 1586 1065 Ἑλλανίκου
1617 1028 1748 1078 μαθη-

336 1091 413 1141 τής.
473 1091 578 1129 Vero
614 1091 849 1141 proximum
884 1096 947 1129 est
982 1092 1130 1132 ducem
1165 1091 1262 1129 anni
1299 1091 1429 1141 433s2,
1465 1091 1535 1141 qui
1573 1103 1748 1130 comme-

336 1158 521 1192 moratur
544 1155 655 1204 apud
678 1155 963 1205 Thucydidem
987 1156 1019 1199 1,
1044 1158 1147 1199 452,
1171 1155 1348 1194 eundem
1369 1166 1457 1192 esse
1479 1158 1606 1204 atque
1626 1154 1747 1192 huius

335 1217 537 1269 epistulae
567 1217 860 1268 Damastem2),
893 1218 963 1270 qui
994 1219 1047 1259 ab
1078 1217 1260 1270 antiquis
1290 1217 1453 1269 saepius
1482 1221 1669 1264 vocatur,
1701 1221 1748 1256 ut

336 1294 360 1319 a
381 1282 580 1333 Dionysio
601 1283 966 1329 Halicarnassensi‚
989 1284 1225 1328 Plutarcho,
1251 1283 1465 1328 Strabone,
1489 1282 1588 1321 aliis.
1613 1283 1747 1322 Minus

335 1359 428 1387 eurn
465 1348 614 1398 probat
653 1348 802 1387 Strabo
839 1348 1159 1387 Eratosthenem
1196 1348 1509 1398 reprehendens,
1546 1348 1658 1398 quod
1694 1348 1746 1386 ad

336 1411 585 1449 sententiam
605 1423 723 1450 suam
743 1412 1071 1452 confirmandam
1092 1411 1160 1450 illo
1180 1416 1287 1450 teste
1308 1424 1404 1449 usus
1424 1411 1525 1460 sit3).
1547 1435 1600 1440 -—
1625 1412 1745 1462 Quod

336 1475 389 1516 ad
424 1475 579 1514 famam
614 1475 766 1515 attinet
799 1475 920 1515 huius
954 1475 1178 1527 scriptoris,
1215 1488 1298 1514 non
1332 1475 1611 1516 omittendum
1645 1474 1744 1515 mihi

336 1539 499 1579 videtur
524 1539 725 1588 epistulae
752 1540 985 1578 Socraticae
1009 1544 1221 1577 auctorem
1246 1539 1489 1578 Damastem
1513 1539 1746 1577 nominasse

336 1615 419 1641 una
446 1615 540 1641 cum
568 1602 800 1649 Herodoto;
830 1607 957 1654 atque
983 1601 1159 1641 fortasse
1186 1602 1405 1641 Damastes
1433 1607 1481 1641 ut
1508 1602 1745 1642 Herodotus

333 1677 396 1703 res
427 1678 534 1717 quae
564 1666 617 1705 ad
648 1666 759 1704 faeta
789 1678 932 1718 regum
963 1667 1237 1706 Macedonum
1268 1666 1532 1717 pertinebant
1561 1690 1614 1694 -
1643 1679 1746 1716 quas

334 1730 557 1781 inspexerit
578 1730 798 1781 Antipater
819 1755 871 1760 —
892 1730 1095 1782 copiosius
1116 1730 1326 1770 enarravit
1348 1735 1474 1782 atque
1495 1730 1539 1769 in
1559 1743 1606 1769 eo
1628 1730 1744 1776 libro,

334 1794 405 1845 qui
434 1798 481 1832 ut
504 1794 650 1834 Suidas
679 1794 810 1833 tradit
837 1795 1058 1846 inscriptus
1083 1799 1172 1833 erat
1201 1797 1287 1846 περὶ
1306 1801 1380 1833 τῶν
1401 1797 1440 1834 ἐν
1467 1794 1626 1832 Ἑλλάδι
1644 1808 1746 1845 γενο-

335 1859 470 1909 μένων,
490 1859 591 1896 haec
609 1859 881 1897 Macedonum
895 1872 1038 1910 regum
1054 1859 1255 1898 beneficia
1270 1864 1595 1898 commemorata
1610 1865 1744 1905 erant,

334 1927 382 1961 ut
401 1922 602 1973 epistulae
620 1921 741 1960 huius
762 1922 897 1961 verbis
918 1923 971 1963 ad
991 1923 1203 1962 Damastis
1224 1936 1331 1974 quae
1350 1928 1517 1962 exstant
1538 1923 1743 1974 mliquias,

333 1998 489 2025 novum
516 1985 795 2036 fragmentum
822 1986 961 2024 afferri
989 1987 1254 2037 suspicemur

468 2050 518 2087 In
539 2049 826 2090 enumerandis
846 2061 988 2101 regum
1011 2050 1283 2090 Macedonum
1304 2062 1399 2101 erga
1425 2051 1601 2088 Graecos
1624 2051 1744 2089 bene-

333 2113 435 2152 ficiis
454 2114 655 2164 epistulae
673 2118 816 2152 auctor
833 2113 995 2165 saepius
1013 2114 1150 2164 lapsus
1168 2114 1284 2163 est4):
1305 2114 1406 2154 dicit
1423 2114 1467 2152 in
1484 2116 1744 2165 paragrapho

332 2177 457 2216 tertia
479 2178 761 2217 Alexandrum
789 2177 1038 2216 interfecisse
1065 2179 1219 2229 legatos
1249 2191 1273 2215 a
1295 2179 1433 2217 Xerxe
1462 2178 1618 2223 missos,
1649 2191 1743 2217 cum

332 2254 376 2279 re
394 2254 492 2281 vera
511 2254 579 2280 eos
600 2255 623 2280 a
643 2241 778 2280 Dareo
807 2242 950 2281 missos
970 2255 1056 2281 esse
1084 2255 1135 2281 ex
1155 2242 1367 2282 Herodoto
1389 2243 1441 2291 (V
1461 2245 1628 2290 17-21)
1648 2255 1742 2282 con—

331 2309 427 2345 stet.
461 2306 551 2344 Hoc
571 2305 739 2357 quidem
759 2319 784 2344 a
804 2305 1040 2357 posterioris
1062 2305 1210 2344 aetatis
1230 2305 1428 2357 scriptore
1445 2306 1548 2344 falso
1569 2306 1743 2344 transla-

332 2374 423 2410 tum
457 2382 544 2409 esse
578 2369 733 2421 potuit:
769 2369 842 2411 sed
872 2371 994 2422 paulo
1029 2375 1123 2422 post
1150 2371 1288 2409 rhetor
1317 2370 1468 2410 iterum
1496 2370 1539 2409 in
1567 2382 1743 2409 errorem

463 2477 494 2517 1)
518 2477 728 2519 Fragmenta
752 2477 827 2510 eius
850 2477 1009 2510 invenies
1033 2476 1128 2509 FHG
1145 2477 1183 2509 Π
1206 2477 1287 2509 64-
1294 2477 1346 2509 67.

460 2531 494 2571 2)
518 2530 562 2563 cf.
587 2530 653 2563 Ed.
678 2531 867 2567 Schwartz,
891 2530 1030 2563 PWRE
1046 2530 1097 2563 IV
1120 2532 1139 2563 2
1163 2542 1195 2573 p.
1213 2531 1365 2573 2050sq.‚
1391 2541 1419 2564 s.
1442 2531 1630 2564 Damastes
1647 2532 1678 2563 3.

459 2583 493 2623 3)
519 2583 587 2615 vid.
613 2583 732 2624 Orelli,
755 2584 777 2615 l.
803 2594 833 2616 c.
860 2594 892 2627 p.
910 2583 983 2616 265.

459 2635 495 2677 4)
515 2635 587 2669 vid.
615 2637 743 2677 Obens,
766 2648 798 2679 p.
818 2637 871 2670 33.
