2138 3299
923 293 1193 333 -87-

351 422 424 462 sed
461 422 636 462 forsitan
672 435 696 460 e
732 420 868 461 verbis
907 424 975 460 καὶ
1010 422 1142 468 καλῶς
1177 423 1277 473 ἔχειν
1313 420 1523 459 sententia
1554 423 1766 459 nascatur:

352 486 476 528 leider
495 487 595 539 geht
615 499 657 526 es
677 486 722 537 ja
743 486 869 526 nicht.
899 487 1015 539 Quae
1036 499 1131 527 cum
1151 486 1213 526 ita
1233 485 1331 532 sint,
1352 484 1591 525 emendatio
1615 484 1767 526 Ritteri

353 551 628 604 μεμηνιμένως,
663 562 770 602 quae
801 563 885 590 vox
916 563 998 589 uno
1029 554 1199 589 tantum
1229 551 1318 589 loco
1351 550 1571 599 Platonisl)
1603 549 1765 601 legitur,

352 628 661 668 supervacanea
687 628 775 655 esse
802 615 1014 665 videtur2).

483 680 631 720 Cetera
644 692 822 731 quoque,
837 692 945 731 quae
958 679 1137 731 epistula
1151 680 1228 717 hac
1243 679 1506 730 praebentur,
1523 680 1576 718 ad
1591 678 1770 717 Dionem

351 743 508 795 optime
525 744 798 785 accomodata
814 747 926 783 sunt.
963 743 1101 790 Miror,
1122 744 1234 795 quod
1255 742 1391 782 Ritter
1410 742 1556 781 nonin
1572 755 1620 781 eo
1639 743 1769 783 offen-

349 807 426 853 dit,
459 808 571 859 quod
602 820 697 846 cum
728 807 773 846 in
803 807 982 859 epistula
1006 811 1029 845 2
1053 807 1269 846 Platonica
1301 806 1523 857 Dionysius
1547 819 1572 844 a
1596 807 1771 846 Platone

353 875 480 923 atque
504 863 732 923 Speusippo
754 875 802 910 ut
824 870 1143 921 Philistionem³)
1167 870 1357 912 dimittat
1376 874 1556 923 rogetur,
1579 871 1656 910 hoc
1677 871 1767 910 loco

355 935 434 974 Dio
465 935 697 987 appellatus
727 935 800 982 sit;
832 936 904 976 sed
936 935 1184 987 Dionysium
1214 948 1299 975 non
1329 935 1651 986 intellegendum
1680 948 1768 974 esse

349 999 504 1039 iterum
516 999 699 1038 refutare
711 1012 945 1050 possumus:
963 1013 1060 1039 usus
1073 1003 1137 1039 est
1151 1003 1295 1039 auctor
1308 999 1510 1049 epistulae
1523 999 1576 1039 ad
1591 999 1768 1039 Dionem

349 1063 499 1104 missae
519 1062 775 1103 confidenter
795 1063 925 1103 futuri
946 1063 1143 1116 temporis
1164 1063 1302 1104 forma·
1327 1063 1578 1116 ἀποπέμψετε
1606 1086 1656 1092 —
1678 1063 1766 1115 plu-

348 1128 478 1167 ralem
512 1128 690 1169 formam
724 1127 924 1168 adhibens
958 1132 1103 1167 auctor
1136 1128 1339 1179 epistulae
1372 1128 1554 1178 appellat
1590 1127 1767 1167 Dionem

348 1191 554 1245 simulque
588 1192 810 1233 familiares
844 1192 981 1243 eius⁴),
1018 1205 1114 1234 cum
1150 1191 1372 1244 Dionysius
1408 1191 1615 1233 medicum
1650 1191 1766 1232 illum

349 1270 435 1296 non
461 1257 710 1306 dimiserit‘).

488 1321 664 1373 Quando
679 1320 834 1373 scripta
848 1321 1032 1374 fingatur
1048 1321 1226 1373 epistula
1244 1324 1305 1368 35,
1323 1333 1375 1360 ex
1389 1320 1447 1360 eis
1463 1333 1571 1373 quae
1585 1320 1764 1372 epistula

350 1384 441 1436 ipsa
466 1385 743 1431 eontinentur,
772 1386 1014 1426 concludere
1039 1385 1173 1425 liceat.
1234 1387 1325 1436 Qua
1351 1385 1395 1424 in
1419 1398 1463 1424 re
1489 1385 1764 1436 perquirenda

351 1462 437 1489 non
459 1448 641 1490 dubitari
670 1453 821 1501 potest,
850 1449 952 1501 quin
974 1449 1109 1490 verbis
1140 1451 1339 1502 συγχαίρω
1368 1456 1444 1496 τοῖς
1469 1451 1761 1501 Συρακουσίοις,

347 1514 403 1552 ὅτι
421 1514 637 1553 πέπαυνται
666 1544 675 1552 .
692 1544 701 1552 .
718 1544 727 1552 .
754 1512 855 1552 nihil
883 1513 996 1554 aliud
1015 1513 1175 1555 dictum
1193 1514 1250 1552 sit
1268 1513 1346 1553 nisi
1366 1513 1613 1565 Dionysium
1631 1514 1760 1553 mino-

346 1590 434 1617 rem
444 1578 610 1629 pulsum
619 1590 705 1617 esse
710 1577 1047 1630 Syracusis‚quod
1060 1578 1304 1630 primum,ut
1313 1577 1420 1617 inter
1431 1591 1571 1618 omnes
1582 1581 1761 1625 constat,

347 1642 507 1681 factum
534 1646 598 1681 est
627 1655 662 1681 a.
686 1643 814 1694 358s7.
854 1643 917 1681 De
944 1655 1038 1695 rege
1066 1643 1217 1682 iterum
1243 1642 1373 1682 eiecto
1404 1645 1456 1693 (a.
1479 1645 1571 1692 346)
1591 1642 1762 1694 cogitari

348 1720 433 1746 non
453 1710 604 1759 potest,
628 1707 726 1759 quia
747 1707 840 1754 Dio,
863 1707 928 1747 cui
949 1707 1133 1747 mittitur
1153 1707 1332 1759 epistula
1352 1708 1466 1754 haec,
1488 1711 1678 1747 mortuus
1698 1711 1762 1747 est

347 1771 431 1810 iam
462 1784 497 1810 a.
532 1771 660 1823 354s3.
723 1772 916 1812 Ceterum
946 1785 1029 1823 quo
1051 1776 1247 1824 tempore
1276 1772 1432 1823 scripta
1460 1784 1548 1811 esse
1577 1771 1762 1823 fingatur

345 1834 536 1886 epistula,
565 1835 763 1876 definitur
781 1836 916 1876 verbis
945 1839 1050 1875 οὔπω
1080 1851 1125 1876 σε
1155 1837 1360 1889 μιμνήσκω
1379 1843 1448 1888 τῆς
1466 1838 1684 1888 ἐπιστολῆς,
1712 1838 1760 1888 ἣν

347 1900 519 1950 ἔγραψας
553 1901 648 1950 πρὸς
676 1900 756 1952 ἐμέ,
794 1902 851 1939 ὅτι
881 1902 997 1946 αἴτιος
1032 1902 1113 1952 εἴην
1152 1903 1228 1952 ἐγὼ
1265 1908 1330 1940 τοῦ
1368 1902 1657 1954 ἐπιμεληθῆναι
1690 1903 1759 1952 τὴν

346 1963 482 2015 πρᾶξιν
519 1964 661 2015 ταύτην
708 1994 716 2003 .
746 1988 755 2003 .-
784 1995 792 2004 .
823 1994 862 2011 .,
905 1965 1014 2005 unde
1053 1965 1211 2005 elucere
1250 1965 1415 2007 videtur
1453 1965 1759 2018 expeditionem

346 2028 489 2067 Dionis
516 2032 661 2068 contra
688 2028 935 2080 Dionysium
960 2029 1130 2076 factam,
1165 2043 1273 2082 quae
1299 2035 1391 2070 orta
1417 2035 1481 2069 est
1507 2044 1543 2070 a.
1575 2034 1662 2076 360,
1697 2030 1757 2069 in-

345 2092 514 2131 choasse
548 2091 686 2142 (simul
716 2094 988 2135 statuendum
1019 2098 1082 2133 est
1114 2095 1215 2133 haee
1249 2095 1375 2134 verba
1407 2094 1509 2133 ficta
1539 2106 1626 2133 esse
1658 2098 1757 2133 ante

345 2156 519 2196 alteram
546 2156 733 2208 Dionysii
770 2157 1063 2208 tyrannidem),
1100 2171 1194 2197 cum
1227 2158 1362 2199 verbis
1390 2159 1570 2198 τότε-νῦν
1599 2157 1755 2198 diutius

345 2232 432 2259 6556
453 2219 715 2260 interiectum
735 2225 901 2273 tempus
922 2221 1137 2261 indicetur.
1184 2222 1334 2274 Itaque
1355 2221 1514 2274 opinari
1536 2235 1754 2274 possumus

472 2349 506 2392 1)
529 2359 583 2393 ep.
608 2348 664 2381 III
686 2360 719 2392 p.
732 2348 796 2382 319
807 2349 852 2388 B:
878 2349 923 2383 cf.
946 2349 1074 2389 Ritter,
1098 2361 1133 2393 p.
1151 2350 1225 2387 399,
1248 2349 1327 2383 adn.
1342 2350 1393 2383 87.

472 2404 507 2445 2)
529 2402 708 2437 Particula
737 2403 790 2436 νῦν
820 2406 858 2436 et
885 2405 960 2437 τότε
996 2404 1301 2442 commutabimus,
1335 2407 1378 2437 ut
1413 2405 1597 2447 proposuit
1626 2405 1755 2445 Ritter,

343 2469 377 2501 p.
402 2457 507 2554 3905)
529 2511 574 2545 de
595 2511 735 2545 Philisti·
676 2512 683 2520 '
724 2512 813 2550 'one‚
835 2511 972 2546 medico
995 2511 1171 2552 Locrensi,
1194 2511 1266 2545 vid.
1291 2522 1324 2554 p.
1342 2512 1394 2547 97,

471 2564 506 2606 4)
529 2564 573 2598 cf.
598 2566 713 2598 varias
734 2565 902 2608 epistulas
925 2565 1083 2600 Platonis
1104 2565 1149 2599 ad
1171 2564 1325 2599 Dionem
1347 2565 1483 2599 missas.

471 2618 506 2658 5)
530 2617 601 2651 vid.
627 2628 707 2661 pag.
732 2618 785 2652 85.
