2138 3299
946 382 1214 422 ..γρ-

369 511 533 550 naverit
556 523 651 550 eum
683 511 754 562 qui
785 510 1048 556 recitaverat,
1081 511 1152 550 sed
1175 510 1415 561 simpliciter
1439 512 1491 552 de
1514 514 1603 550 arte
1626 510 1788 551 dicendi

370 576 531 614 locutus
544 578 647 620 erat,
661 574 1003 626 Ps.-Speusippus
1017 574 1182 621 inscius,
1197 574 1268 627 qui
1282 574 1503 626 epistulam
1516 574 1786 621 recitavisset,

371 639 594 679 adversarii
617 652 770 679 nomen
790 644 934 691 postea
954 639 1182 679 inseruerit.
1225 640 1392 678 Ptaeter
1413 640 1726 690 Theopompum
1745 643 1788 677 et

372 704 601 743 Isocratem
616 705 923 755 Apolloniatem
937 705 1064 744 alium
1078 704 1251 743 oratoris
1267 703 1527 744 Atheniensis
1542 703 1789 754 discipulum

371 780 455 807 non
483 768 648 807 silentio
670 769 883 819 praeteriit
903 769 1273 820 epistolographus‚
1304 768 1580 813 Timotheum,
1612 767 1787 806 Cononis

372 833 554 882 filiuml),
589 833 704 873 cuius
738 833 893 872 mentio
928 833 979 872 iit
1008 835 1112 882 §13t
1147 832 1394 884 Ἰσοκράτης,
1432 833 1565 884 ἐπειδὴ
1601 832 1684 879 νέος
1721 833 1788 884 μὲν

373 900 425 935 ὢν
453 899 505 943 εἰς
533 900 596 936 τὸν
625 899 746 949 δῆμον
777 900 871 949 μετὰ
900 897 1094 949 Τιμοθέου
1123 898 1219 934 καθ’
1250 898 1354 948 ὑμῶν
1391 898 1595 942 ἐπιστολὰς
1624 898 1789 947 αἰσχρὰς

376 963 532 1013 ἔγραφε.
579 961 718 1000 Simile
734 961 888 1012 aliquid
905 961 1106 1000 habemus
1122 961 1233 1012 apud
1251 960 1520 1000 Plutarchum
1538 960 1628 1009 (vit.
1648 961 1788 1000 decem

371 1029 522 1063 orator.
556 1026 596 1064 X
617 1037 655 1076 pr
678 1029 752 1065 837
772 1026 836 1074 C):
869 1026 1059 1077 Τιμόθεος
1079 1027 1098 1064 ὁ
1119 1025 1308 1071 Κόνωνος,
1340 1028 1407 1063 σὺν
1431 1027 1460 1075 ᾧ
1490 1025 1635 1070 πολλὰς
1663 1025 1790 1070 πόλεις

371 1090 523 1140 ἐπῆλθε
565 1089 605 1138 (i.
638 1102 671 1128 e.
708 1090 928 1138 Isocrates)
967 1091 1156 1135 συντιθεὶς
1195 1091 1262 1135 τὰς
1303 1091 1397 1140 πρὸς
1433 1089 1676 1140 Ἀθηναίους
1715 1090 1788 1128 ὑπὸ

371 1153 567 1205 Τιμοθέου
614 1155 862 1206 πεμπομένας
912 1154 1128 1201 ἐπιστολάς,
1176 1155 1269 1192 ὅθεν
1311 1153 1538 1204 ἐδωρήσατο
1580 1155 1682 1204 αὐτῷ
1723 1154 1789 1191 τά-

372 1218 509 1257 λαντον
556 1224 630 1257 τῶν
678 1220 754 1258 ἀπὸ
803 1219 951 1270 Σαμίου
998 1218 1298 1270 περιγενομένων
1348 1218 1387 1267 (i.
1440 1231 1472 1256 e.
1524 1230 1632 1256 anno
1681 1220 1785 1267 365).

373 1283 549 1323 Perinde
577 1283 704 1322 refert
734 1283 906 1322 Photius
937 1283 1043 1323 Bibl.
1080 1287 1190 1322 ll5a.
1225 1284 1347 1331 486b)
1380 1284 1605 1322 Isocratem
1635 1283 1788 1322 multas

372 1347 563 1387 civitates
584 1348 808 1388 obeuntem
833 1349 1031 1400 epistulas
1058 1349 1111 1389 ad
1133 1348 1402 1388 Athenienses
1428 1348 1654 1388 mittendas
1680 1361 1788 1388 com—

372 1412 568 1463 posuisse,
600 1414 640 1452 αἳ
666 1415 729 1452 τὸν
759 1413 950 1466 Τιμόθεον
980 1414 1260 1465 ἐπεγράψαντο.
1325 1413 1500 1464 Quando
1529 1414 1607 1451 hae
1634 1413 1788 1464 epist-u-

372 1478 435 1515 lae
454 1477 603 1516 missae
620 1478 717 1524 sint,
737 1491 789 1517 ex
808 1478 1009 1529 epistulae
1031 1478 1264 1517 Socraticae
1284 1477 1418 1517 verbis
1437 1478 1679 1518 concludere
1697 1490 1788 1528 pos-

370 1554 531 1580 sumus:
557 1542 685 1581 verba
706 1542 803 1582 xa&
825 1544 930 1594 ὑμῶν
947 1542 1157 1581 illustrant
1172 1542 1249 1581 hoc
1266 1542 1425 1581 factum
1440 1554 1527 1581 esse
1541 1554 1588 1589 eo
1603 1545 1789 1592 tempore

373 1618 456 1656 quo
478 1606 721 1645 Timotheus
742 1607 827 1657 regi
850 1607 1122 1645 Macedonum
1144 1607 1297 1645 bellum
1318 1606 1472 1644 intulit.
1520 1606 1627 1645 Sane
1648 1609 1789 1645 autem

373 1668 581 1720 cogitatur
613 1670 665 1710 de
695 1670 801 1709 bello
833 1669 1105 1710 Chalcidiensi
1138 1673 1190 1719 (a.
1226 1670 1366 1719 364)²).
1430 1669 1553 1708 Dicat
1584 1669 1789 1720 quispiam

373 1734 540 1774 obstare
559 1733 654 1773 huic
673 1734 906 1773 sententiae
922 1735 1050 1774 verba
1068 1734 1270 1785 epistulae
1290 1734 1372 1780 νέος
1388 1735 1453 1779 ὤν,
1475 1746 1569 1772 curn
1587 1734 1788 1772 Isocrates

372 1811 482 1838 anno
507 1799 626 1851 436s5
650 1802 774 1839 natus
799 1804 901 1839 tunc
927 1799 1010 1839 iam
1034 1811 1159 1838 senex
1184 1798 1268 1837 fere
1292 1798 1427 1838 fuerit.
1476 1798 1567 1850 Qua
1591 1798 1642 1839 de
1666 1810 1790 1838 causa

372 1863 585 1914 probabile
608 1863 772 1904 videtur
793 1864 1173 1915 epistolographum
1194 1863 1271 1901 hoc
1298 1864 1400 1908 loco,
1429 1875 1500 1914 per
1528 1862 1788 1902 anachronis-

371 1940 500 1973 mum,
540 1932 587 1966 ut
628 1941 737 1967 nunc
770 1928 903 1974 aiunt,
945 1941 969 1966 a
1000 1940 1099 1967 vera
1129 1927 1327 1979 temporis
1364 1927 1526 1967 ratione
1565 1928 1786 1967 aberrasse.

373 1992 507 2030 Immo
524 2004 622 2044 vero
638 1991 755 2031 illum
771 1992 814 2030 in
828 1992 1036 2032 narranda
1051 1992 1129 2030 hac
1144 2003 1188 2030 re
1204 1992 1363 2030 fontem
1379 2004 1463 2030 non
1479 1991 1702 2042 pessimum
1718 1992 1787 2032 ad-

371 2055 553 2095 hibuisse
582 2056 766 2107 accipere
794 2056 927 2096 liceat.

505 2120 637 2158 Nemo
663 2120 746 2159 iam
771 2120 940 2172 negabit
965 2124 1177 2159 auctorem
1200 2121 1349 2159 harum
1374 2120 1607 2159 litterarum
1633 2121 1787 2159 Isocra—

372 2188 459 2225 tem
492 2184 628 2236 ipsum
661 2208 714 2213 —
747 2184 1012 2225 Timotheum
1045 2184 1238 2231 amicum,
1273 2184 1350 2224 nisi
1382 2184 1509 2224 etiam
1542 2184 1789 2236 discipulum

372 2250 557 2289 Platonis
576 2250 702 2289 fuisse
721 2249 919 2300 constat⁸)
938 2273 991 2278 —
1008 2250 1237 2289 consectari
1256 2250 1445 2296 voluisse,
1466 2253 1514 2289 ut
1532 2250 1787 2291 demonstra-

370 2318 434 2353 ret
462 2318 670 2354 oratorem
698 2327 914 2365 nunquam
935 2314 1112 2366 Philippi
1132 2327 1300 2354 causam
1321 2314 1536 2366 cupivisse,
1566 2314 1678 2366 quod
1706 2313 1789 2353 iam

371 2378 530 2418 iuvenis
545 2379 641 2418 talis
658 2379 770 2418 modi
785 2378 983 2429 epistulas
998 2379 1041 2417 in
1053 2391 1191 2431 regem
1205 2379 1524 2429 conscripsisset,
1541 2391 1650 2417 nunc
1664 2391 1790 2417 senex

502 2497 535 2535 1)
561 2496 604 2530 cf.
631 2496 816 2533 Kirchner‚
840 2496 983 2540 Prosop.
1010 2497 1083 2529 Att.
1107 2497 1145 2529 Π
1170 2507 1196 2530 s.
1223 2507 1273 2529 nr.
1302 2497 1414 2535 13700,
1444 2495 1599 2536 Τιμόθεος
1612 2495 1659 2527 ΙΙ.

564 2550 619 2582 Fr.
642 2550 756 2587 Blass.
780 2550 856 2582 Att.
880 2549 1023 2584 Bereds.
1041 2551 1088 2591 ΙΙ,
1111 2562 1144 2594 p.
1163 2551 1204 2584 52
1214 2561 1264 2593 sq.

499 2604 534 2643 2)
559 2602 604 2636 cf.
630 2603 686 2636 Fr.
712 2603 826 2640 Blass,
847 2603 923 2635 Att.
949 2603 1093 2637 Bereds.
1117 2605 1155 2636 II
1181 2605 1233 2641 53,
1258 2603 1338 2636 adn.
1356 2604 1387 2636 3.

567 2655 758 2696 Rehdantz,
783 2656 827 2689 de
850 2656 1035 2690 Timotheo
1057 2660 1095 2690 et
1117 2657 1282 2695 Isocrate,
1307 2668 1339 2700 p.
1360 2656 1421 2689 180
1431 2666 1481 2699 sq.

499 2710 533 2751 3)
557 2709 602 2744 cf.
627 2710 731 2752 Diog.
757 2709 871 2743 L.111
888 2709 938 2742 23.
964 2710 1041 2743 Ael.
1064 2721 1135 2744 var.
1161 2711 1242 2743 hist.
1267 2710 1305 2743 ΙΙ
1318 2710 1368 2744 10.
1402 2710 1515 2748 Blass,
1539 2711 1560 2743 l.
1582 2721 1610 2744 c.
1636 2722 1668 2753 p.
1686 2711 1787 2753 52sq.
