2138 3299
912 288 1178 330 „85-

341 418 563 461 Academia
598 421 786 459 versatus
821 420 924 464 erat,
964 417 1016 457 cf.
1055 417 1183 458 verba
1216 418 1384 470 γίνωσκε
1421 419 1463 457 δὲ
1499 420 1555 457 ὅτι
1591 419 1754 465 πολλοὺς

340 486 443 538 οἶμαι
487 485 699 536 φανεῖσθαι
752 485 838 530 τοὺς
891 483 1062 536 ἑτοίμους
1117 485 1228 529 ὄντας
1276 483 1619 535 συνεπιμελεῖσθαι
1646 498 1652 503 ·
1678 490 1752 523 τῶν

338 549 601 601 ὑπαρχόντων,
632 549 700 587 ἐάν
730 561 790 587 σοι
817 548 999 599 φαίνηται
1026 550 1074 587 τὰ
1102 547 1194 599 παρ’
1220 548 1330 600 ἡμῶν
1359 550 1462 587 κατὰ
1491 549 1532 587 τὸ
1552 554 1754 600 προσῆκον

338 614 597 665 ὑφηγούμενοι.
632 614 680 651 τὰ
720 613 763 651 δὲ
803 612 895 664 παρ’
936 613 1026 664 ἡμῖν
1067 614 1147 664 ἔχει
1187 613 1471 663 παραπλησίως
1511 614 1644 664 ὥσπερ
1684 615 1753 652 καὶ

339 679 444 730 ὑμῶν
475 676 813 728 ἐπιδημούντωνῑ).
862 676 976 715 Haec
1006 679 1133 727 atque
1161 676 1288 715 verba
1317 676 1616 723 antecedentia,
1646 690 1755 729 quae

341 742 454 783 haud
481 740 607 781 dubie
632 740 740 780 inter
765 752 809 779 se
835 740 1070 787 cohaerent,
1099 742 1152 780 ad
1179 744 1392 780 auctorem
1417 741 1627 792 quendam
1653 741 1753 781 ami-

338 806 560 851 cissimum,
585 817 670 844 non
692 805 745 845 ad
769 804 1051 845 adversarium
1075 808 1263 856 spectare
1287 804 1424 844 Ritt-er
1447 805 1639 856 neglexit.
1688 807 1753 845 An

338 874 482 910 auctor
496 882 604 915 eum,
624 869 689 908 cui
704 869 859 916 scribit,
879 882 978 909 mox
991 868 1237 909 familiarem
1255 881 1353 909 mox
1367 869 1582 909 inimicum
1599 870 1752 910 habue-

337 933 405 980 rit,
433 933 525 985 quis
550 936 616 972 est
642 932 713 984 qui
739 934 889 984 putet?
949 933 1085 984 Quare
1111 945 1196 972 non
1221 933 1461 985 ambiguum
1486 945 1574 972 esse
1599 938 1751 985 potest,

337 998 440 1049 quin
467 1010 590 1036 nemo
619 996 722 1035 alius
750 996 830 1035 nisi
849 996 927 1035 Dio
951 997 1028 1035 hoc
1057 997 1146 1036 loco
1174 997 1449 1048 intellegatur,
1479 1010 1604 1049 quem
1625 998 1750 1048 Speu-

335 1061 503 1112 sippum
533 1060 751 1100 adiuvassc
789 1059 873 1098 iam
902 1059 1093 1100 diximus.
1156 1060 1330 1111 Perinde
1366 1060 1502 1100 verbis
1531 1061 1752 1114 πυθόμενος

337 1128 405 1172 τὰς
444 1128 553 1176 παρὰ
592 1124 776 1176 Διονυσίῳ
819 1125 1022 1171 συνουσίας
1071 1125 1123 1164 de
1170 1124 1400 1164 Siculorum
1443 1137 1536 1176 rege
1582 1126 1754 1177 cogitari

338 1190 574 1241 negandum
608 1190 719 1238 est2).
791 1189 910 1230 Certe
944 1188 1099 1235 obstat,
1136 1188 1356 1240 quominus
1393 1193 1537 1228 auctor
1571 1189 1752 1240 epistula

337 1254 506 1294 ineunte
537 1253 869 1305 pronuntiavisse
911 1265 954 1292 se
995 1266 1083 1293 esse
1126 1255 1221 1305 πρὸς
1255 1255 1411 1293 παιδιὰν
1447 1255 1658 1307 ἀνειμένος;
1707 1260 1752 1295 at

339 1317 532 1357 exist-imo
553 1330 649 1356 eum
669 1317 767 1356 iocis
789 1330 911 1356 usum
931 1329 1019 1355 esse
1039 1330 1125 1355 non
1145 1322 1193 1355 ut
1213 1317 1475 1356 inveheretur
1496 1318 1540 1356 in
1561 1318 1749 1364 Dionem,

338 1383 410 1423 sed
435 1383 570 1421 solum
595 1386 643 1420 ut
668 1381 890 1432 epistulam
914 1385 1133 1420 exornaret
1158 1381 1293 1421 varias
1318 1381 1498 1421 inserens
1522 1382 1750 1422 sententias

338 1449 403 1496 (ut
429 1447 480 1486 de
510 1446 737 1497 Geryone0‚
773 1446 824 1485 de
850 1445 1071 1497 κακοζηλία
1107 1444 1306 1495 Dionysii,
1342 1445 1510 1484 Homeri
1539 1459 1679 1485 versus
1706 1450 1750 1485 et

338 1512 448 1560 cet).
517 1509 642 1548 Irrisu
674 1509 880 1548 insectans
913 1508 1115 1548 beneficia
1146 1521 1254 1560 quae
1286 1508 1530 1549 dicebantur
1562 1510 1747 1561 tyranni,

337 1574 536 1614 infestum
555 1577 700 1613 contra
717 1586 814 1614 eum
833 1573 1019 1614 animum
1037 1573 1207 1625 profert,
1228 1586 1323 1613 cum
1342 1573 1475 1613 Dione
1493 1574 1655 1614 etiamsi
1676 1575 1747 1615 ad-

336 1638 522 1678 hortanti
560 1638 711 1683 animo,
756 1641 947 1677 attamen
982 1637 1226 1677 amicissime
1262 1642 1424 1677 utatur:
1471 1651 1605 1691 neque
1640 1639 1751 1679 enim

337 1704 465 1743 verba
492 1705 593 1742 τουτὶ
621 1705 662 1742 τὸ
691 1704 866 1742 νεανικόν
904 1705 986 1742 ἐστι
1013 1705 1082 1742 καὶ
1110 1703 1274 1754 ἀγητόν;
1311 1705 1355 1742 οὐ
1384 1704 1509 1755 δήπου
1538 1703 1751 1744 inimicum

337 1767 482 1808 testari
515 1767 710 1809 videntur
742 1767 928 1808 animum
960 1767 1193 1820 philosophi
1226 1766 1495 1820 obiurgant-is,
1529 1768 1600 1820 qui
1632 1768 1750 1808 disci-

337 1833 481 1884 pulum
516 1832 775 1878 Academiae,
811 1832 877 1871 cui
912 1833 1092 1872 multum
1126 1831 1327 1871 intererat
1359 1832 1441 1879 ille,
1476 1846 1562 1872 non
1593 1837 1751 1872 rectam

336 1896 449 1936 viam
476 1895 632 1947 ingredi
661 1895 877 1935 intellexit.

470 1960 701 2000 Statuimus
723 1960 858 2000 verbis
879 1959 1082 2011 epistulae
1105 1960 1214 2000 Socr.
1240 1964 1290 1999 35
1309 1960 1460 2000 similia
1481 1974 1506 1999 a
1527 1962 1749 2000 Plutarcho

338 2025 391 2065 ad
419 2023 595 2065 Dionem
620 2023 745 2065 missa
771 2024 1096 2071 commemorari,
1124 2037 1257 2077 neque
1283 2024 1507 2077 quicquam
1534 2025 1747 2071 habemus,

335 2089 448 2139 quod
464 2088 563 2128 testi
580 2088 637 2127 illi
655 2088 909 2135 diffidamus,
928 2089 1170 2140 praesertim
1186 2102 1281 2128 cum
1297 2089 1475 2140 epistula
1492 2093 1516 2127 4
1534 2089 1748 2128 Platonica

466 2185 500 2225 1)
522 2184 650 2224 Ritter,
681 2196 714 2228 p.
734 2184 798 2219 395
827 2185 914 2218 haec
947 2185 1054 2218 verba
1082 2184 1257 2218 declarare
1287 2185 1367 2217 vult
1395 2185 1455 2224 ita,
1483 2187 1526 2217 ut
1554 2184 1748 2228 Dionysius

334 2237 458 2281 pulsus
487 2237 645 2271 Athenas
672 2238 878 2281 migraverit
900 2238 1078 2275 Corintho,
1112 2240 1193 2280 post
1218 2248 1250 2269 a.
1275 2237 1347 2277 346,
1383 2237 1477 2279 quod
1508 2237 1611 2270 valde
1641 2248 1747 2280 quae-

333 2292 442 2325 situm
466 2291 550 2323 mihi
580 2290 731 2325 videtur.
781 2291 900 2334 Atque
932 2294 973 2324 ut
1001 2293 1124 2335 postea.
1146 2290 1355 2328 videbimus,
1378 2291 1505 2334 respici
1533 2301 1605 2324 non
1628 2295 1748 2334 potest

333 2344 422 2378 illud
443 2348 594 2388 tempus.
641 2344 719 2385 Qua
746 2345 883 2378 ratione
906 2345 1150 2378 Philistionem
1173 2348 1210 2377 et
1232 2344 1460 2379 Echecratem
1486 2355 1531 2378 ex
1557 2346 1747 2389 Syracusa-

334 2410 460 2432 norum
481 2398 567 2432 urbe
591 2398 820 2432 dimittendos
841 2399 1064 2442 interpretari
1085 2398 1189 2431 vult?

463 2453 498 2494 2)
521 2452 625 2486 Dicat
653 2452 802 2486 fortasse
834 2453 1015 2495 quispiam,
1046 2453 1153 2485 etiam
1183 2453 1217 2484 in
1248 2462 1302 2495 ep.
1333 2452 1376 2485 36
1407 2463 1536 2485 nomen
1566 2453 1656 2492 eius,
1691 2455 1749 2487 cui

334 2507 441 2540 verba
470 2507 671 2547 mittuntur,
707 2506 841 2546 vocari:
876 2506 941 2540 sed
970 2516 1052 2539 cum
1086 2506 1131 2539 ad
1161 2517 1215 2550 ep.
1245 2507 1286 2539 35
1322 2506 1489 2550 Dionysii
1518 2517 1648 2540 nomen
1677 2518 1748 2541 non

335 2559 494 2602 quadret,
517 2561 552 2592 in
576 2570 631 2603 ep.
656 2560 699 2592 3⁶
727 2560 944 2603 Speusippus
969 2563 1006 2593 et
1027 2560 1238 2593 Lastheniae
1260 2570 1332 2592 una
1356 2561 1583 2593 nominantur
1605 2561 1748 2598 ironice,

335 2623 425 2655 quae
447 2623 502 2646 res
525 2614 612 2646 nihil
634 2613 844 2648 offensionis
865 2614 983 2648 habet.
