2138 3299
959 288 1228 330 -42—

383 413 617 466 propositas
639 414 777 460 fuisse,
802 427 910 467 quae
933 415 985 455 ad
1008 416 1229 467 epistulam
1251 416 1356 456 hanc
1380 416 1621 468 fingendam
1642 419 1799 469 optime

382 479 569 518 converti
598 479 858 529 potuerint1).

786 599 844 635 19.
876 597 1129 636 Aeschinis
1159 597 1405 648 Telauges.

517 671 708 721 Epistula
725 674 749 709 4
783 672 835 710 de
870 672 1083 718 Critobuli‚
1119 672 1297 712 Critonis
1332 672 1419 718 filii,
1453 673 1620 722 ingenio
1655 677 1799 712 auctor

385 735 548 774 disserit
562 736 681 774 haec:
699 736 944 788 Κριτοβούλῳ
960 738 1028 789 μὲν
1043 739 1211 788 ἐντυχὼν
1225 737 1475 788 παρεκάλουν
1491 737 1530 784 (i.
1543 750 1576 776 e.
1592 736 1798 786 Socrates)

383 801 479 851 πρὸς
493 800 721 851 φιλοσοφίαν
737 801 863 844 αὐτόν,
881 802 901 839 ὃ
918 802 961 840 δέ
977 815 1038 854 μοι
1054 802 1165 841 δοκεῖ
1177 802 1455 852 διανενοῆσθαι
1473 802 1618 853 μᾶλλον
1636 800 1797 853 ἐξορμή-

386 866 531 903 σεσθαι
559 866 654 915 πρὸς
682 867 729 903 τὰ
758 865 946 903 πολιτικοί.
981 865 1089 903 Hinc
1119 876 1318 915 apparere
1347 865 1512 903 videtur
1541 865 1799 905 Critobulum

383 929 436 966 ad
465 928 768 978 philosophiam
808 929 945 967 minus
974 932 1121 978 aptum
1150 929 1274 967 fuisse
1303 941 1445 967 omnes
1472 929 1651 974 scivisse,
1687 929 1799 980 quod

382 991 595 1030 Aeschinis
627 990 826 1029 Socratici
862 991 1102 1030 testimonio
1140 992 1268 1040 (apud
1296 991 1558 1030 Athenaeum
1588 992 1624 1029 V
1653 995 1729 1030 220
1746 992 1798 1040 Α)

381 1053 671 1093 confirmatur:
702 1054 890 1107 Αἰσχίνης
918 1055 938 1095 ὁ
959 1057 1212 1107 Σωκρατικὸς
1240 1056 1280 1095 ἐν
1310 1057 1380 1108 μὲν
1407 1061 1459 1107 τῷ
1479 1055 1677 1108 Τηλαύγει
1705 1056 1798 1107 Κρι-

382 1119 562 1170 τόβουλον
591 1121 655 1157 τὸν
678 1119 872 1169 Κρίτωνος
893 1119 952 1158 ἐπ’
978 1121 1132 1170 ἀμαθίᾳ
1153 1122 1221 1158 καὶ
1244 1121 1480 1171 ῥυπαρότητι
1502 1121 1583 1171 βίου
1605 1121 1796 1171 κωμῳδεῖ.

382 1182 540 1221 Tamen
573 1194 668 1221 eum
700 1182 743 1221 in
777 1182 1045 1221 familiarium
1076 1183 1256 1221 Socratis
1291 1194 1463 1221 numero
1496 1183 1621 1221 fuisse
1657 1183 1798 1222 multis

382 1249 425 1284 et
466 1245 652 1285 Platonis
696 1246 762 1295 (cf.
808 1247 992 1297 Euthyd.
1041 1259 1080 1297 p.
1115 1250 1207 1296 306)
1250 1252 1290 1286 et
1334 1247 1623 1297 Xenophontis
1663 1247 1798 1287 verbis

382 1310 627 1355 illustratur,
661 1310 830 1349 tametsi
860 1323 943 1350 non
976 1311 1145 1361 propius
1178 1312 1349 1350 accessit
1382 1312 1435 1350 ad
1466 1311 1653 1361 magistri
1680 1312 1798 1350 disci-

382 1374 550 1425 plinam.
608 1374 724 1425 Quae
751 1374 930 1425 epistula
957 1375 1082 1414 refert
1110 1375 1161 1414 de
1190 1387 1232 1415 re
1261 1375 1427 1425 publica
1455 1375 1797 1421 administranda,

381 1451 465 1478 non
499 1439 676 1489 amplius
712 1440 903 1489 persequi
938 1452 1170 1489 possumuS,
1208 1440 1320 1490 quod
1355 1440 1457 1478 nihil
1491 1444 1657 1479 constat
1686 1440 1799 1478 aliud

381 1502 434 1541 de
460 1503 538 1541 hoc
567 1503 657 1542 viro
682 1502 762 1541 nisi
797 1515 881 1554 qua
908 1515 1006 1542 usus
1033 1503 1087 1542 sit
1122 1515 1217 1542 cum
1249 1503 1417 1542 Socrate
1445 1503 1795 1552 eonsuetudine2).

385 1567 482 1607 Sine
497 1567 626 1606 dubio
644 1570 798 1612 autem,
817 1568 929 1618 quod
946 1568 1075 1606 tradit
1092 1568 1268 1618 scriptor
1284 1569 1434 1607 harum
1450 1568 1698 1613 litterarum,
1716 1581 1798 1607 non

383 1631 734 1670 contemnendum
751 1635 832 1670 est:
851 1631 1052 1682 inspicere
1069 1632 1206 1682 potuit
1224 1632 1358 1670 vitam
1375 1632 1587 1682 quandam
1604 1632 1669 1670 vel
1687 1632 1799 1671 aliud

382 1696 586 1745 scriptum
607 1695 729 1735 hodie
751 1696 975 1745 perditum,
999 1709 1082 1745 quo
1104 1696 1155 1734 de
1178 1696 1390 1735 Critobulo
1412 1697 1454 1735 in
1476 1709 1519 1734 re
1541 1696 1706 1746 publiea
1729 1697 1798 1735 ad-

382 1758 658 1798 ministranda
686 1763 879 1798 versante
908 1759 1036 1798 verba
1072 1759 1186 1797 facta
1213 1764 1344 1798 erant.
1401 1760 1467 1798 An
1497 1760 1550 1798 ad
1578 1760 1799 1810 Telaugem

381 1823 594 1862 Aeschinis
617 1823 826 1873 dialogum
848 1824 984 1874 ipsum
1006 1824 1083 1861 hoc
1103 1827 1279 1874 spectet,
1311 1836 1394 1874 quo
1417 1823 1458 1862 in
1481 1823 1585 1862 libro
1611 1823 1798 1863 Socrates

381 1887 432 1926 de
452 1887 661 1938 imperitia
679 1887 787 1927 illius
807 1887 999 1926 dixerat?
1046 1887 1152 1927 Sane
1171 1899 1255 1926 non
1276 1887 1417 1926 obstat
1438 1887 1532 1926 huic
1553 1887 1797 1933 sententiae,

381 1952 603 2002 quominus
626 1952 669 1990 in
693 1952 977 2002 philosophiae
999 1952 1138 1990 studio
1163 1952 1434 2002 permanserit
1457 1952 1538 1996 ille,
1561 1964 1690 2002 quam
1712 1963 1799 1990 rem

381 2019 591 2055 testantur
619 2016 725 2054 varii
753 2027 856 2066 quos
885 2027 979 2055 cum
1011 2015 1179 2055 Socrate
1206 2015 1354 2055 habuit
1382 2028 1601 2055 sermones.

384 2147 444 2182 20.
478 2144 545 2182 De
573 2143 776 2182 incertis
804 2143 1010 2194 dialogis
1039 2148 1086 2182 et
1108 2144 1495 2183 narratiunculis
1520 2144 1796 2183 Socraticis.

519 2218 598 2258 Sed
618 2219 746 2258 etiam
767 2219 847 2257 alia
866 2219 1020 2269 scripta
1040 2231 1148 2269 quae
1167 2220 1288 2259 hodie
1308 2220 1471 2269 perdita
1490 2224 1587 2258 sunt
1607 2220 1798 2270 epistolo-

381 2282 548 2333 graphis
567 2286 669 2322 nota
686 2282 812 2322 fuisse
832 2283 1037 2322 videntur.
1076 2282 1268 2333 Epistula
1288 2286 1332 2322 17
1352 2286 1546 2322 narratur
1564 2283 1798 2322 adulescen-

512 2389 544 2429 1)
570 2389 676 2422 Nulla
708 2389 813 2421 verba
838 2388 882 2421 de
907 2389 974 2422 hoe
999 2389 1139 2432 dialogo
1163 2389 1248 2423 fecit
1273 2389 1401 2429 Obens,
1434 2390 1534 2422 cuius
1559 2389 1729 2422 iudicium
1754 2389 1798 2422 de

381 2444 447 2477 hac
470 2444 623 2486 epistula
652 2442 755 2476 valde
780 2443 981 2485 quaesitum
1012 2452 1126 2485 neque
1150 2442 1316 2475 idoneum
1342 2443 1428 2475 mihi
1453 2442 1605 2479 videtur,
1639 2442 1684 2476 cf.
1709 2442 1730 2474 1.
1756 2453 1798 2481 c.,

382 2509 413 2540 p·
441 2497 481 2530 16
494 2508 546 2591 83)
570 2550 692 2590 Cobet,
720 2551 930 2593 Prosopogr.
957 2549 1182 2593 Xenophont.
1204 2550 1298 2587 1886.
1331 2560 1363 2593 p.
1382 2550 1440 2583 58:
1466 2550 1690 2583 Alienissima
1715 2554 1800 2583 sunt

381 2617 401 2637 a
425 2605 597 2637 Critobuli
622 2608 657 2637 et
681 2604 835 2637 Socratis
858 2614 1017 2646 persona,
1041 2614 1131 2646 quae
1155 2605 1275 2638 scribit
1298 2607 1421 2637 auctor
1445 2615 1498 2646 ep.
1525 2604 1619 2637 Socr.
1646 2603 1704 2637 lv,
