2138 3299
980 345 1248 385 -52-

404 477 446 512 et
473 473 632 512 fontem
659 473 995 524 antiquissimum
1021 473 1169 524 Lysiae
1196 474 1428 525 apologiam
1457 473 1650 518 Socratis,
1678 472 1822 512 Dionis

405 538 686 589 Chrysostomi
723 538 851 577 verba
889 538 942 577 ad
980 537 1189 589 dialogum
1226 538 1365 589 potius
1395 538 1604 590 quendam
1632 541 1821 589 spectare

404 603 611 641 videntur.
648 603 740 653 Qua
753 603 804 641 de
819 614 944 641 causa
958 615 1056 641 vero
1070 602 1238 652 propius
1253 607 1315 640 est
1330 615 1404 641 nos
1419 603 1566 642 debere
1580 603 1678 640 haec
1694 602 1821 640 verba

404 666 657 713 Antistheni,
677 667 876 718 quoniam
896 666 1217 718 Xenophontem
1236 667 1290 706 ab
1308 667 1378 707 illo
1396 666 1637 718 pependisse
1654 666 1819 712 scimus,

405 735 546 770 utrum
571 735 711 770 autem
733 732 841 770 illius
863 732 1026 781 dialogo
1049 731 1120 782 qui
1142 731 1381 770 inscribitur
1404 732 1565 784 Κῦρος1)
1589 732 1654 770 vel
1677 731 1725 776 ei,
1749 730 1821 782 qui

405 795 576 834 titulum
594 807 693 845 prae
705 808 748 834 se
759 796 854 834 tulit
868 794 1166 847 Ἀλκιβιάδης2),
1183 794 1438 840 addicamus,
1454 797 1507 834 ad
1521 808 1623 846 quos
1638 795 1820 844 dialogos

404 859 536 898 redire
558 859 753 898 videntur
776 859 903 898 verba
924 859 1171 912 Ἀλκιβιάδου
1195 859 1364 911 ἐραστής
1380 859 1625 898 scholiastae
1644 859 1696 897 ad
1712 858 1817 897 Plat.

406 923 528 972 apol„
547 935 599 961 an
615 923 790 972 dialogo,
810 923 881 973 qui
896 923 1118 973 inscriptus
1135 927 1196 961 est
1212 923 1426 970 Πολιτικός,
1445 924 1486 962 in
1500 936 1582 974 quo
1595 923 1819 962 illudeban-

406 991 475 1026 tur
502 987 768 1038 demagogi³)‚
797 987 839 1026 in
869 987 1063 1038 ambiguo
1091 987 1381 1039 relinquemus.

536 1052 630 1090 Non
662 1052 786 1090 modo
820 1052 1080 1090 Antisthenis
1112 1051 1310 1090 librorum
1341 1052 1549 1102 reliquias,
1590 1053 1662 1090 sed
1693 1052 1819 1090 etiam

404 1116 617 1155 Aeschinis
639 1115 836 1155 Socratici
856 1116 1081 1167 reperimus
1100 1117 1142 1155 in
1161 1116 1224 1155 his
1243 1116 1441 1167 epistulis
1481 1116 1546 1155 Ex
1565 1117 1819 1166 dialogorum

404 1180 618 1218 Aeschinis
648 1192 819 1219 numero
850 1181 1025 1227 Καλλίας
1053 1181 1165 1219 miris
1196 1180 1388 1218 laudibus
1419 1180 1693 1230 praedicatur.
1741 1181 1820 1219 Pro

405 1247 576 1295 experto
593 1243 793 1283 habemus
810 1244 886 1282 hoc
904 1244 1066 1294 dialogo
1082 1243 1292 1289 illustrari,
1310 1255 1417 1295 quae
1433 1244 1652 1283 commoda
1666 1243 1819 1283 habeat

404 1312 629 1358 paupertas
656 1309 808 1347 collata
834 1320 929 1347 cum
956 1309 1211 1353 divitiarum,
1239 1308 1290 1346 cf.
1322 1309 1430 1346 Plut.
1461 1308 1628 1347 Aristid.
1659 1320 1691 1346 0.
1722 1308 1815 1357 25⁴).

404 1372 592 1411 Eandem
618 1372 869 1411 sententiam
896 1376 1179 1423 perscrutatus
1205 1375 1280 1417 est,
1314 1372 1385 1423 qui
1410 1372 1631 1422 epistulam
1664 1375 1687 1410 6
1706 1372 1816 1411 Socr.

402 1436 700 1486 conscripserit.
723 1436 947 1486 Praecipue
961 1436 1096 1474 verbis
1110 1448 1272 1486 paragr.
1291 1439 1314 1474 6
1328 1440 1369 1475 et
1385 1436 1442 1484 7⁵)
1457 1436 1557 1474 haec
1572 1436 1817 1475 confirman-

403 1504 485 1545 tur,
511 1500 582 1539 ubi
607 1503 832 1550 paupertas
856 1500 1052 1538 laudatur
1077 1503 1203 1550 atque
1228 1500 1279 1538 de
1303 1499 1542 1538 calamitate
1567 1512 1721 1545 eorum,
1747 1500 1819 1550 qui

403 1564 445 1601 in
476 1564 741 1602 adulatorum
771 1576 918 1602 manus
947 1563 1194 1608 inciderunt,
1224 1563 1392 1602 omnino
1422 1564 1472 1602 de
1501 1563 1817 1609 blanditoribus,

403 1639 505 1678 quos
532 1627 739 1678 sophistas
766 1627 947 1677 intellegi
974 1627 1186 1678 probabile
1213 1631 1274 1665 est
1309 1627 1375 1676 (cf.
1407 1627 1576 1677 Eupolis
1605 1627 1816 1675 Κόλακες),

403 1692 531 1730 verba
558 1691 671 1730 facta
697 1696 807 1730 sunt.
867 1691 915 1729 In
944 1691 1156 1730 Aeschinis
1185 1691 1312 1730 Callia
1339 1691 1484 1730 itidem
1512 1692 1552 1730 in
1583 1693 1817 1731 adulatores

402 1755 657 1805 invehitur⁶).
703 1755 795 1807 Qua
812 1755 863 1794 de
881 1768 923 1793 re
942 1759 1234 1806 argumentum
1253 1755 1454 1807 epistulae
1476 1755 1585 1795 Socr.
1607 1759 1818 1795 auctorem

532 1865 564 1904 1)
589 1863 753 1899 Dittmar,
777 1864 800 1895 l.
825 1873 868 1903 c.‚
892 1874 925 1905 p.
943 1863 996 1896 97.

531 1918 565 1956 2)
590 1916 634 1949 cf.
660 1916 829 1954 Dsttmar,
854 1927 886 1958 p.
905 1917 958 1949 96.

531 1970 565 2012 3)
589 1969 660 2002 vid.
690 1969 755 2002 Th.
779 1969 963 2012 Gomperz,
992 1970 1130 2003 Griech.
1162 1969 1313 2009 Denker,
1345 1980 1378 2012 p.
1404 1970 1455 2010 78,
1486 1970 1546 2012 qui
1574 1969 1669 2002 haud
1698 1971 1817 2013 magni

401 2024 566 2056 aestimat
591 2022 686 2065 quod
711 2022 845 2065 profert
858 2023 1058 2065 Xenophon
1083 2023 1126 2056 de
1143 2023 1296 2056 Socratis
1320 2034 1400 2055 cum
1415 2024 1537 2066 Anyto
1560 2023 1816 2056 consuetudine

401 2077 508 2119 (apol.
533 2076 629 2110 Socr.
659 2074 762 2118 §29);
791 2076 954 2113 Dittmar,
980 2088 1013 2119 p.
1034 2077 1092 2109 171
1109 2079 1147 2108 et.
1164 2077 1264 2119 Diog.
1286 2076 1326 2109 L.
1345 2076 1381 2108 ΙΙ
1398 2076 1455 2109 28;
1482 2077 1571 2110 τουτὶ
1588 2079 1624 2110 τὸ
1638 2078 1730 2109 κακὸν
1752 2078 1814 2119 (sc.

399 2134 419 2175 ἡ
443 2131 653 2174 ἀνυποδησία)
676 2134 740 2164 τῶν
762 2132 966 2170 σκυτοτόμων
987 2130 1055 2163 κατ’
1083 2133 1231 2175 ἐπήρειαν
1253 2132 1428 2174 γεγένηται.

528 2185 563 2225 4)
588 2184 688 2225 Quae
714 2184 813 2216 nobis
835 2187 919 2216 nota
934 2188 1019 2216 sunt
1044 2184 1087 2216 de
1111 2185 1178 2217 hoc
1194 2184 1346 2226 dialogo,
1370 2185 1530 2216 invenies
1556 2185 1590 2216 in
1607 2184 1815 2217 collectione

399 2239 624 2282 reliquiarum
649 2238 835 2272 Aeschinis
858 2237 1026 2271 Socratici
1058 2237 1187 2280 (edidd.
1213 2238 1269 2271 W.
1295 2237 1421 2271 Krauss
1453 2241 1490 2270 et
1518 2248 1628 2281 nuper
1655 2238 1815 2279 Dittmar,

399 2295 421 2326 1.
446 2303 489 2329 c..
519 2298 685 2335 (quorum
713 2295 865 2333 uterque
895 2291 939 2323 de
969 2292 1118 2334 epistula
1141 2292 1236 2324 Socr.
1269 2293 1390 2334 paucis
1423 2292 1478 2323 vel
1511 2291 1668 2334 pluribus
1699 2292 1816 2324 verbis

398 2346 619 2389 disputavit).
645 2361 693 2367 -·
714 2345 786 2378 vid.
812 2345 905 2378 Rud.
931 2345 1060 2384 Hirzel,
1084 2345 1223 2388 Dialog,
1248 2356 1280 2388 p.
1308 2345 1415 2384 1352.

527 2401 562 2440 5)
587 2399 685 2439 Quae
715 2400 886 2442 leguntur
914 2399 949 2431 in
980 2409 1112 2441 paragr.
1137 2400 1156 2432 7
1182 2399 1240 2431 vel
1271 2399 1396 2432 similia
1428 2399 1667 2442 Hipponicum
1699 2398 1815 2432 dicere

400 2454 560 2496 potuisse
583 2454 750 2496 opinatur
772 2452 814 2485 R.
842 2452 974 2490 HirzeL
999 2464 1031 2495 p.
1050 2453 1122 2489 135.
1148 2452 1228 2485 adn.
1246 2453 1276 2485 2.

527 2507 562 2549 6)
586 2506 709 2549 Longe
745 2506 886 2539 disserit
927 2505 970 2538 de
1006 2506 1138 2538 Calliae
1180 2509 1390 2550 argumento
1425 2505 1591 2544 Dittmar,
1622 2516 1655 2548 p.
1685 2505 1746 2538 186
1762 2515 1813 2548 sq.

398 2561 531 2603 284sq.,
556 2561 728 2603 imprimis
751 2571 783 2602 p.
803 2560 866 2593 203
876 2570 926 2602 sq.
962 2559 1054 2600 Quid
1079 2571 1267 2593 commune
1291 2560 1462 2592 haberent
1486 2560 1577 2592 inter
1599 2570 1637 2592 se
1662 2560 1812 2602 epistula

397 2614 494 2646 Socr.
516 2617 552 2645 et
565 2613 752 2647 Aeschinis
772 2613 935 2656 dialogus
949 2616 986 2646 et
999 2613 1227 2655 Xenophont.
1253 2612 1444 2645 Memorab.
1460 2621 1533 2654 cap.
1553 2612 1582 2644 Ι.
1597 2613 1627 2649 6,
1641 2612 1815 2655 disposuit.

396 2679 429 2711 p.
452 2667 571 2708 194sq.
603 2666 661 2707 (cf.
688 2677 767 2709 pag.
795 2667 929 2709 284sq.‚
963 2667 1022 2699 ubi
1052 2677 1175 2700 omnes
1206 2668 1266 2709 qui
1297 2667 1433 2700 similes
1464 2666 1694 2699 inveniuntur
1715 2666 1814 2700 locos
