2138 3299
841 336 1125 377 -109-

406 476 470 517 ep.
500 464 640 505 XXIX:
670 465 735 505 ed.
764 464 908 506 Herch.
939 476 978 516 p.
1000 462 1091 513 628,
1121 464 1189 505 lin.
1218 463 1271 504 34
1299 464 1477 504 δϊατελεα
1505 464 1592 506 Vat.
1624 465 1688 504 διὰ

278 529 410 575 τέλους
439 529 583 570 Herch.
616 527 633 582 Η
664 528 716 569 38
751 529 975 582 πειρόμενος
1002 529 1104 577 Vat.,
1141 528 1377 581 πειρώμενος
1412 529 1556 570 Herch.
1589 528 1605 582 Η
1635 529 1688 569 39

280 594 353 632 ὑπὸ
389 592 589 632 Διονυσίου
617 593 718 641 Vat.,
755 594 828 631 ὑπὸ
856 599 923 631 τοῦ
952 592 1150 632 Διονυσίου
1188 592 1333 632 Herch.
1366 592 1382 645 Η
1413 594 1464 632 42
1500 593 1551 640 ὡς
1580 595 1626 632 ἂν
1657 594 1689 632 εἰ

279 657 424 703 δυντοις
444 658 620 708 ἀρκεῖται
638 656 693 703 τίς
713 656 784 708 ζῆν
804 662 879 696 τῶν
901 657 1078 696 διάθεσιν
1098 656 1253 708 φιλικήν
1272 656 1373 705 Vat.,
1394 656 1444 703 ὡς
1464 658 1510 696 ἂν
1531 657 1563 696 εἰ
1583 687 1687 697 .....

280 721 456 772 ἀρκεῖταί
483 734 538 767 τις
566 721 637 771 ζῆν
666 726 740 759 τῶν
770 721 948 760 διάθεσιν
976 720 1133 772 φιλικήν
1163 721 1307 761 Herch.
1331 720 1346 772 Η
1369 722 1420 760 44
1448 723 1536 771 περὶ
1564 722 1616 759 ῶν
1646 721 1689 759 δὲ

279 786 347 823 καὶ
376 786 530 836 ἔκρινας
558 791 595 823 τϊ
619 784 703 824 τίνα
732 784 827 832 ἕξεις
855 785 967 837 τιμήν
995 785 1097 833 Vat.,
1132 786 1220 836 περὶ
1256 786 1308 823 ὤν
1338 785 1380 824 δὲ
1418 786 1572 836 ἔκρινας
1605 785 1689 824 τίνα

281 848 375 896 ἕξεις
403 849 515 901 τιμήν
544 849 690 889 Herch.
714 849 729 901 Η
752 850 803 889 48
832 849 970 901 βιωτῆς
996 849 1096 898 Vat.,
1126 849 1253 902 βιοτῆς
1277 849 1420 889 Herch.
1445 849 1460 901 Η
1481 850 1528 889 51
1565 850 1690 901 ῥᾷστα

279 915 356 964 γὰρ
384 915 503 960 οὕτως
532 912 680 965 ἐξάγοις
706 913 808 962 Vat.,
839 914 963 966 ῥᾷστα
991 916 1067 965 γὰρ
1097 915 1143 953 ἂν
1172 916 1291 960 οὕτως
1318 913 1466 965 ἐξάγοις
1494 913 1640 954 Herch.
1672 913 1688 965 Η

282 988 320 1027 p.
341 977 432 1024 629,
472 977 540 1017 lin.
563 977 587 1016 2
625 979 669 1016 οὐ
696 979 772 1028 γὰρ
810 978 858 1028 δὴ
887 984 1067 1016 τοσοῦτον
1096 979 1235 1017 ἐκεῖνοι
1264 991 1307 1016 σε
1337 977 1558 1028 ἀδικήσειεν
1586 977 1689 1024 Vat.,

280 1042 325 1078 οὐ
352 1042 428 1091 γὰρ
458 1041 507 1091 δὴ
537 1041 675 1079 ἐκεῖνοι
702 1041 881 1080 τοσοῦτόν
911 1054 956 1080 σε
984 1041 1212 1092 ἀδικήσαιεν
1243 1043 1289 1080 ἄν
1310 1041 1455 1080 Herch.
1487 1040 1503 1093 Η
1534 1041 1559 1080 6
1587 1041 1692 1092 ἡμᾶς

281 1104 381 1149 Vat.,
411 1106 510 1155 ὑμᾶς
539 1105 684 1144 Herch.
707 1104 722 1157 Η
744 1107 769 1144 9
800 1111 942 1156 στῆσαι
969 1105 1070 1153 Vat.,
1099 1111 1260 1155 ποιῆσαι
1289 1105 1434 1144 Herch.
1458 1104 1474 1155 Η
1500 1105 1546 1144 17
1575 1104 1692 1143 πλέον

281 1173 349 1218 τῆς
369 1167 524 1206 ἐκείνων
545 1168 669 1218 φιλίας
690 1169 857 1219 σεαυτὴν
879 1168 1095 1207 στέλλουσα
1112 1168 1214 1216 Vat.,
1234 1168 1351 1207 πλέον
1368 1168 1431 1206 διὰ
1445 1168 1515 1218 τὴν
1535 1168 1692 1206 ἐκείνων

282 1232 408 1282 φιλίαν
439 1233 605 1283 σεαυτὴν
636 1232 850 1272 στέλλουσα
879 1233 1024 1273 Herch.
1057 1232 1072 1285 Η
1107 1233 1154 1272 18
1183 1233 1288 1271 κεῖθι
1322 1233 1364 1271 τὸ
1395 1232 1561 1284 σοβαρόν
1591 1232 1691 1279 Vat.,

281 1297 388 1335 κεῖθι
415 1298 491 1348 γὰρ
519 1297 561 1335 τὸ
592 1297 758 1349 σοβαρόν
788 1297 933 1337 Herch.
961 1295 977 1349 Η
1006 1297 1053 1336 19
1081 1296 1271 1348 τϋροκλῆς
1297 1296 1396 1344 Vat.,
1426 1295 1692 1348 Λαμπροκλῆς

283 1361 427 1401 Herch.
452 1360 467 1413 Η
490 1361 540 1400 23
570 1361 633 1400 διαὶ
661 1363 702 1400 τὸ
730 1361 856 1400 πολλὰ
886 1362 1074 1400 ἀνιᾶσθαι
1100 1360 1198 1408 Vat.,
1235 1361 1298 1399 διὰ
1326 1362 1367 1399 τὸ
1396 1360 1584 1407 πολλάκις
1612 1362 1691 1399 ἀνι-

284 1425 409 1464 ᾶσθαι
438 1425 581 1465 Herch.
606 1424 620 1477 Η
642 1425 694 1464 25
722 1425 958 1477 βουλομένης
984 1426 1036 1476 τῷ
1057 1430 1125 1476 τῆς
1152 1425 1308 1476 ὀνόματι
1326 1424 1426 1469 Vat.,
1458 1424 1691 1476 βουλομένης

283 1490 346 1528 ἐπὶ
372 1489 425 1540 τῷ
453 1494 522 1539 τῆς
549 1489 705 1541 ὀνόματι
734 1489 876 1529 Herch.
911 1488 925 1541 Η
956 1489 1008 1529 26
1038 1489 1182 1541 ἀμίκαν
1209 1488 1312 1536 Vat.,
1341 1487 1470 1527 Μίκαν
1500 1488 1645 1528 Herch.
1672 1488 1687 1540 Η

284 1553 334 1593 27
364 1554 530 1592 ἐπισκοπ
558 1553 659 1602 Vat.,
689 1553 916 1604 ἐπισκήπτω
947 1553 1091 1594 Herch.
1124 1552 1140 1605 Η
1170 1552 1221 1593 39
1251 1553 1478 1592 ἀστενάκτει
1505 1552 1606 1601 Vat.,
1637 1553 1690 1605 μὴ

285 1618 496 1670 ἀγανάκτει
524 1618 670 1658 Herch.

413 1694 477 1733 ep.
502 1682 628 1722 XXX:
666 1682 728 1722 ed.
760 1682 906 1722 Herch.
942 1693 981 1732 p.
1010 1682 1100 1729 629,
1137 1682 1205 1721 lin.
1236 1682 1287 1721 45
1326 1681 1565 1733 βοηθήσειας
1592 1681 1693 1729 Vat.,

286 1746 474 1797 βοηθοίης
502 1746 648 1786 Herch.
672 1745 687 1798 Η
709 1746 761 1786 47
791 1745 1037 1796 Ἰσοκράτους
1064 1745 1148 1784 τότε
1175 1745 1275 1794 Vat.,
1306 1744 1552 1797 Ἰσοκράτους
1579 1745 1694 1796 λόγου

284 1810 369 1849 τότε
398 1810 543 1850 Herch.
575 1809 590 1862 Η
622 1821 660 1860 p.
682 1810 773 1857 630,
802 1810 870 1850 lin.
895 1811 920 1850 3
950 1809 1145 1861 ἀπέχηται
1164 1809 1265 1856 Vat.,
1295 1810 1517 1861 ἀπέσχηται
1547 1810 1692 1849 Herch.

285 1897 338 1902 —
365 1873 444 1926 χρή
473 1873 573 1921 Vat.,
602 1879 703 1925 χρῆν
732 1873 877 1914 Herch.
902 1872 916 1926 Η
938 1874 963 1914 6
992 1876 1142 1925 φανερά
1170 1873 1270 1920 Vat.,
1300 1876 1471 1925 φανεράν
1501 1873 1645 1914 Herch.
1677 1873 1692 1925 Η

287 1939 312 1978 7
340 1939 538 1977 ποιεῖσθαι
565 1938 665 1986 Vat.,
704 1939 888 1988 μυεῖσθαι
917 1938 1062 1978 Herch.
1091 1938 1102 1989 Η
1134 1937 1180 1977 13
1212 1940 1411 1989 συμφορὰς
1440 1940 1564 1976 αὐτῶν
1592 1937 1694 1985 Vat.,

287 2013 369 2043 om.
400 2003 524 2041 αὐτῶν
555 2001 697 2042 Herch.
727 2001 738 2054 Η
770 2002 816 2042 19
844 2000 989 2041 Ἀλέου
1018 2001 1119 2050 Vat.,
1155 1999 1324 2041 Ἀλεύου
1354 2002 1500 2042 Herch.
1528 2000 1619 2055 Η·23
1648 2002 1694 2041 ἐκ

286 2073 352 2105 τοῦ
381 2069 468 2105 ἄσιν
496 2067 682 2117 πρόγονον
711 2068 736 2117 ἠ
766 2068 852 2112 τοὺς
888 2068 1017 2112 εὔνους
1046 2067 1122 2105 δεῖν
1157 2072 1356 2115 προσεῖναι
1383 2068 1469 2111 τοὺς
1497 2067 1695 2116 ἀκροατάς

287 2129 388 2177 Vat.,
424 2131 470 2168 ἐκ
497 2136 563 2169 τοῦ
599 2135 674 2169 τῶν
709 2129 906 2181 προγόνων
943 2129 1099 2169 ἐπαίνου
1134 2131 1264 2176 εὔνους
1299 2130 1376 2169 δεῖν
1412 2134 1573 2180 ποιῆσαι
1608 2131 1695 2175 τοὺς

289 2195 486 2244 ἀκροατάς
521 2194 666 2234 Herch.
702 2194 712 2246 Η
747 2194 799 2234 25
826 2193 1019 2245 προσήκει
1045 2193 1147 2241 Vat.,
1182 2200 1361 2244 προσῆκε
1398 2193 1542 2233 Herch.
1571 2215 1624 2221 —
1653 2195 1694 2232 ἐν

288 2256 500 2303 Πλαταιαῖς
527 2257 627 2307 Vat.,
661 2258 730 2308 τὴν
766 2256 1005 2297 Πλαταιᾶσιν
1041 2257 1186 2297 Herch.
1214 2257 1224 2309 Η
1253 2257 1303 2297 26
1337 2259 1405 2302 τὰς
1438 2256 1526 2307 ἑξῆς
1561 2257 1694 2296 τούτου

288 2321 356 2367 τάς
384 2321 485 2370 Vat.,
521 2323 589 2367 τὰς
618 2321 706 2372 ἑξῆς
733 2322 923 2368 τοσαύτας
951 2322 1096 2361 Herch.
1125 2321 1136 2373 Η
1163 2321 1214 2361 27
1243 2323 1351 2372 παρὰ
1381 2327 1450 2359 σοῦ
1478 2320 1579 2369 Vat.,
1608 2322 1696 2371 περὶ

291 2391 359 2423 σοῦ
379 2385 524 2425 Herch.
553 2385 565 2437 Η
592 2385 639 2425 31
672 2387 714 2424 τὸ
744 2386 787 2424 δὲ
815 2386 1053 2436 εὐρυθαλῶς,
1083 2385 1134 2431 ὡς
1161 2398 1278 2436 φησιν
1307 2386 1420 2431 αὐτὸς
1448 2385 1600 2423 ἀνθοὺσ
1627 2390 1697 2436 τῆς

290 2449 458 2497 διανοίας
484 2449 586 2499 Vat.,
625 2452 667 2490 τὸ
697 2451 739 2490 δὲ
776 2450 965 2499 εὐθαλῶς,
1005 2451 1056 2496 ὥς
1083 2463 1199 2501 φησιν
1236 2450 1360 2497 αὐτός,
1401 2450 1602 2501 ἀνθούσης
1629 2456 1698 2501 τῆς

290 2514 459 2560 διανοίας
488 2514 633 2554 Herch.
653 2516 672 2564 ΙΙ
691 2515 742 2554 33
771 2515 844 2553 ὑπὸ
870 2514 1038 2553 λϋνθίων
1057 2513 1157 2560 Vat.,
1187 2513 1249 2552 ὑπ’
1286 2512 1501 2553 Ὀλυνθίων
1521 2514 1667 2554 Herch.
1688 2515 1699 2567 Η

289 2578 342 2617 34
369 2577 423 2624 τίς
450 2580 526 2628 γὰρ
556 2579 602 2617 ἂν
631 2580 749 2625 οὕτως
777 2578 926 2630 εὐήθης
953 2577 1155 2630 νομήσειεν
1183 2579 1283 2617 ὥστε
1313 2592 1373 2617 σοι
1400 2579 1500 2627 Vat.,
1541 2578 1595 2624 τίς
1621 2580 1697 2630 γὰρ

291 2642 338 2680 ἂν
368 2644 484 2687 οὕτως
513 2642 641 2693 εὐήθη
673 2655 717 2681 σε
736 2642 924 2694 νομίσειεν
954 2643 1053 2680 ὥστε
1083 2656 1142 2680 σοι
1162 2642 1308 2682 Herch.
1332 2647 1346 2689 ΙΙ
1366 2643 1417 2682 35
1447 2644 1501 2681 ἔτι
1527 2644 1569 2681 τὲ
1596 2642 1697 2689 Vat.,
