2138 3299
312 473 475 514 evenire
493 472 644 525 potuit,
665 475 714 512 ut
731 472 940 513 exstiterit
957 472 1136 525 epistula
1153 473 1371 524 quaedam,
1391 472 1457 512 cui
1475 472 1655 525 epistula
1675 476 1725 514 36

313 538 618 577 accuratissime
637 538 929 589 respondisset,
952 550 1047 577 cum
1066 537 1269 589 epistulae
1291 541 1353 583 35,
1376 551 1483 589 quae
1502 538 1726 578 subsecuta

313 605 377 642 est
396 602 618 654 epistulam
637 601 834 653 spuriam,
856 601 973 642 varia
992 601 1120 641 verba
1139 600 1294 641 inserta
1313 600 1411 648 sint,
1432 601 1582 654 quibus
1602 601 1724 642 multi

313 667 384 719 qui
404 666 527 706 hodie
546 670 715 706 exstant
733 679 888 706 errores
909 666 1023 706 allati
1043 670 1153 705 sunt.
1201 667 1317 718 Quae
1340 679 1436 705 cum
1454 666 1515 705 ita
1533 667 1630 713 sint,
1653 667 1724 707 ad-

314 730 516 776 ducimur,
562 734 610 769 ut
648 734 859 769 auctorem
896 730 1098 781 epistulae
1137 732 1187 768 36
1224 729 1268 768 in
1304 729 1495 769 manibus
1532 730 1725 769 habuisse

313 795 535 846 epistulam
544 794 731 846 Dionysii
746 795 796 835 ad
805 793 1082 846 Speusippum
1096 795 1241 835 datam
1254 793 1456 845 epistulae
1472 797 1521 834 35
1534 794 1724 841 similem,

313 871 397 911 qua
420 863 613 898 accurate
633 863 871 911 temporum
893 859 994 899 ordo
1016 862 1206 898 servatus
1228 862 1331 905 erat,
1355 858 1621 910 suspicemur.
1669 859 1726 899 At

313 924 447 963 multa
462 923 555 970 alia,
573 937 680 976 quae
696 937 958 970 arcessemus,
975 924 1197 976 epistulam
1215 927 1263 963 36
1279 923 1439 963 facilius
1453 923 1582 963 etiam
1597 936 1724 976 quam

314 992 364 1028 35
378 988 708 1028 commenticiam
721 1001 809 1029 esse
822 988 967 1029 testari
981 989 1188 1030 videntur.
1221 988 1328 1028 Sane
1341 988 1509 1041 quidem
1522 988 1725 1040 epistulae

315 1056 364 1092 36
396 1053 555 1092 auctori
591 1065 832 1104 persuasum
866 1057 930 1092 est
964 1053 1143 1104 epistula
1178 1052 1441 1092 antecedenti
1477 1052 1724 1104 Dionysium

313 1117 509 1169 appellari
522 1140 558 1146 —
571 1130 651 1169 qua
661 1129 705 1156 re
720 1116 848 1156 etiam
859 1116 1089 1156 illustratur
1100 1115 1373 1171 epistularum
1384 1116 1725 1168 praescriptiones

312 1181 397 1220 iam
422 1181 492 1219 illa
518 1185 657 1220 aetate
681 1186 867 1221 servatas
894 1194 979 1220 non
1003 1181 1129 1220 fuisse
1152 1193 1223 1219 —z
1252 1181 1384 1219 multo
1412 1192 1509 1220 vero
1535 1180 1636 1220 alias
1661 1192 1725 1218 res

313 1244 571 1297 persequitur
604 1248 748 1284 auctor
780 1244 901 1284 huius
934 1244 1153 1297 epistulae:
1188 1243 1383 1297 ignorans
1415 1243 1481 1284 cui
1513 1243 1639 1284 missa
1669 1243 1725 1283 sit

313 1309 503 1361 epistula,
541 1310 738 1349 nonnulla
766 1314 909 1349 autem
936 1310 989 1349 ad
1018 1308 1265 1361 Dionysium
1292 1313 1479 1360 spect-are
1508 1309 1723 1362 (συγχαίρω

313 1373 601 1426 Συρακουσίοις,
644 1376 700 1414 ὅτι
742 1374 957 1414 πέπαυνται
1007 1405 1015 1413 .
1057 1377 1087 1424 .)
1132 1373 1388 1420 existimans,
1433 1378 1724 1426 argumentum

315 1440 571 1490 deprompsit
597 1452 649 1479 ex
675 1440 853 1491 epistula
879 1438 1066 1489 Dionysii
1094 1439 1147 1480 ad
1178 1438 1453 1490 Speusippum
1479 1438 1646 1490 scripta,
1675 1442 1723 1478 ut

313 1503 538 1544 Academia
558 1503 678 1542 illusa
700 1507 828 1555 atque
844 1503 1073 1555 Speusippo
1096 1502 1357 1559 potissimum
1372 1502 1487 1542 irriso
1502 1502 1723 1555 epistulam

313 1571 577 1619 componeret
599 1569 731 1607 multo
752 1567 995 1608 nobiliorem
1015 1567 1196 1607 scientiis
1218 1567 1387 1619 cognitu
1407 1567 1538 1619 dignis
1560 1571 1604 1607 et
1624 1566 1723 1607 iocis

314 1632 489 1682 plenam.
555 1631 760 1671 Nimirum
792 1635 935 1671 auctor
967 1631 1190 1683 epistulam
1223 1634 1273 1670 35
1304 1631 1639 1671 commenticiam
1671 1632 1724 1672 ad

315 1708 436 1734 usum
448 1708 570 1735 suum
584 1695 803 1742 convertit,
818 1695 959 1748 quain
971 1708 1015 1734 re
1027 1696 1140 1736 haud
1155 1708 1300 1747 pauca,
1316 1695 1466 1747 quibus
1479 1695 1726 1747 respondere

314 1761 419 1806 vult,
447 1773 532 1800 non
556 1760 758 1812 sagaciter
784 1760 828 1799 in
854 1759 1076 1812 epistulam
1104 1763 1153 1800 36
1178 1760 1380 1812 recepitl).

520 1836 574 1843 ι,-

444 1867 478 1908 1)
502 1867 670 1900 Conferas
700 1877 769 1910 qua
790 1868 926 1900 ratione
952 1878 1017 1901 nos
1041 1868 1208 1901 certiores
1230 1867 1354 1901 fecerit
1382 1866 1426 1900 de
1458 1867 1652 1910 Polyxeno⁹
1681 1866 1725 1900 de

312 1920 531 1960 Philistione,
562 1920 606 1953 de
628 1919 820 1953 Echecrate
851 1923 889 1953 et
918 1920 1085 1962 Moeride,
1116 1920 1161 1954 de
1191 1921 1320 1964 quibus
1351 1921 1400 1953 nil
1438 1920 1532 1959 dicit,
1576 1922 1657 1964 quia
1683 1924 1726 1954 ut

313 1973 455 2007 videtur
478 1984 550 2007 non
572 1974 705 2014 habuit,
729 1973 823 2017 quod
845 1984 1054 2017 responsum
1078 1973 1190 2007 daret.

440 2027 604 2062 Pluribus
626 2027 712 2060 mihi
734 2028 838 2061 liceat
866 2027 982 2061 verbis
1005 2027 1148 2067 referre,
1180 2038 1248 2071 quo
1272 2028 1380 2061 modo
1404 2029 1539 2061 mentio
1562 2028 1657 2062 facta
1678 2029 1725 2061 sit

314 2082 447 2114 Briarei
462 2085 499 2114 et
513 2082 701 2125 Geryonei.
726 2081 938 2115 Mullachius
953 2081 1069 2115 FPhG
1082 2082 1138 2114 111
1160 2092 1192 2124 p.
1209 2082 1251 2115 98
1265 2081 1310 2114 ad
1324 2082 1419 2114 hunc
1433 2082 1553 2114 locum
1569 2082 1723 2114 animad-

312 2135 436 2168 vertit:
470 2135 654 2175 „Ceterum
682 2134 898 2178 Speusippus
928 2134 1092 2179 Geryone
1118 2135 1177 2168 vel
1206 2135 1324 2177 potius
1354 2135 1508 2174 Briareo,
1537 2135 1655 2178 plures
1688 2138 1724 2168 et

313 2199 438 2222 manus
462 2191 500 2222 et
528 2189 636 2233 pedes
659 2188 843 2222 habiturus
868 2198 945 2222 esse
975 2188 1125 2232 fingitur
1152 2191 1293 2232 propter
1316 2188 1507 2222 avaritiam.
1546 2187 1723 2222 Videntur

313 2243 408 2275 enim
429 2243 527 2276 avari
547 2244 668 2277 multis
693 2246 732 2277 et
758 2244 920 2277 manibus
942 2246 980 2276 et
999 2243 1146 2287 pedibus
1174 2245 1248 2275 tam
1278 2241 1322 2274 ad
1346 2241 1586 2285 accipiendam
1615 2253 1722 2285 quam

313 2296 358 2329 ad
372 2296 609 2339 quaerendam
621 2298 808 2340 pecuniam
823 2296 1081 2340 quodammodo
1096 2299 1230 2339 egere‚“
1255 2306 1344 2339 quae
1365 2296 1427 2328 vix
1441 2296 1723 2338 comprobamus,

313 2349 383 2383 vid.
395 2350 502 2382 etiam
514 2349 631 2383 Ritter
641 2361 675 2393 p.
688 2350 764 2383 396.
787 2351 898 2394 Atqui
909 2350 955 2392 id,
972 2350 1067 2394 quod
1078 2349 1261 2393 proferunt
1277 2349 1401 2383 Suidas
1413 2360 1440 2383 S.
1453 2360 1487 2382 v.
1502 2348 1727 2392 Κυνοιὲφαλος

314 2406 352 2436 et
374 2402 589 2436 'themistius
611 2404 675 2446 (or.
699 2403 814 2436 XXII
841 2414 877 2445 p.
893 2403 959 2437 298
967 2404 1025 2445 Α),
1055 2403 1100 2436 ad
1118 2403 1297 2436 Mullachii
1325 2403 1538 2435 sententiam
1568 2403 1721 2441 aceedit:

312 2457 381 2491 hoc
400 2459 521 2490 autem
543 2456 621 2491 loco
643 2460 767 2491 auctor
780 2457 857 2501 ipse
879 2458 916 2500 (i.
935 2468 965 2491 e.
985 2456 1218 2501 Speusippus)
1239 2457 1301 2490 vix
1318 2459 1391 2489 tam
1414 2456 1538 2490 acerbe
1553 2459 1593 2490 et
1606 2456 1725 2501 inepte

313 2511 358 2545 de
389 2521 428 2545 se
455 2512 532 2555 ipso
561 2511 797 2551 iudicavisset,
834 2522 905 2556 quo
937 2511 1043 2546 modo
1073 2511 1208 2545 auctori
1233 2511 1403 2554 epistulae
1427 2510 1470 2544 36
1499 2510 1544 2545 de
1569 2511 1725 2552 Briareo,

314 2575 418 2608 quem
442 2566 600 2606 inseruit,
624 2567 779 2610 cogitare
801 2566 913 2600 licuit.
939 2566 1018 2599 Hoc
1039 2566 1118 2599 loco
1141 2565 1259 2608 potius
1282 2564 1327 2597 ad
1341 2565 1542 2609 philosophi
1562 2566 1725 2599 morbum

314 2621 351 2651 et
372 2619 620 2653 auctoritatem
641 2619 853 2654 Academiae
884 2618 1083 2662 aagendam
1112 2621 1294 2661 spectasse
1316 2618 1377 2651 illa
1407 2619 1516 2652 verba
1536 2619 1725 2653 verisimile

314 2675 378 2714 est,
401 2675 443 2705 ut
457 2673 578 2706 verbis
593 2683 734 2716 quoque
757 2684 847 2717 quae
863 2676 1060 2716 sequuntur
1080 2672 1306 2715 Speusippus
1329 2673 1387 2715 qui
1404 2673 1582 2707 articulari
1603 2673 1725 2706 morbo
