2138 3299
829 370 1096 409 —15—

387 500 488 541 Cum
520 500 570 540 de
601 500 782 540 moribus
812 501 955 540 horum
986 504 1265 540 accusatorum
1288 499 1488 538 dissensio
1520 511 1666 549 magna

257 563 381 603 fuisse
411 575 493 604 non
524 563 717 609 videatur,
756 564 806 603 de
835 568 955 611 sorte,
985 574 1108 614 quam
1138 562 1336 613 acceperit
1365 564 1530 612 uterque
1561 563 1601 612 (i.
1632 574 1666 601 e.

256 627 413 680 Anytus
433 632 472 668 et
490 628 681 676 Meletus)
713 627 876 667 Socrate
898 630 1071 673 mortuo,
1101 637 1267 677 quoque
1294 630 1475 676 tempore
1504 627 1668 677 punitus

257 692 319 738 sit,
365 692 544 732 diversae
581 695 738 731 exstant
779 691 993 731 relationes
1038 691 1274 742 scriptorum
1321 694 1497 730 veterum
1509 690 1560 741 ¹):
1602 691 1667 730 alii

259 758 471 807 utrumque
501 757 541 795 in
572 755 756 796 exsilium
787 755 866 795 isse
895 755 1113 794 memoriae
1143 755 1330 805 produnt,
1369 755 1434 793 alii
1465 766 1590 794 unum
1620 767 1668 794 ex

259 820 434 867 duobus,
456 820 576 860 etiam
598 820 663 859 alii
685 824 853 860 mortem
873 819 1078 869 utriusque
1099 821 1166 858 aut
1186 819 1356 858 eandem
1379 821 1447 858 aut
1467 819 1665 869 disparem

256 884 380 924 fuisse
410 884 624 925 declarant.
667 883 874 935 Epistulae
919 883 963 923 17
1008 882 1235 923 Socraticae
1273 888 1411 923 auctor
1448 884 1546 923 haec
1583 895 1665 924 non

258 948 326 987 diu
358 953 450 998 post
470 948 644 987 Socratis
674 951 842 987 mortem
872 947 975 987 facta
1004 958 1093 986 esse
1115 948 1244 986 docet.
1281 947 1503 986 Verisimile
1532 950 1665 987 autem

259 1012 357 1052 mihi
386 1012 541 1053 videtur
570 1016 752 1053 neutrum
774 1014 959 1052 necatum
990 1022 1092 1060 esse,
1122 1012 1193 1051 sed
1214 1014 1281 1051 aut
1311 1012 1475 1052 alterum
1497 1017 1666 1061 tantum,

257 1075 466 1122 Meletum,
504 1088 526 1115 a
558 1076 712 1126 populo
743 1077 781 1114 in
812 1076 996 1115 exsilium
1036 1076 1196 1127 pulsum
1229 1087 1317 1114 esse
1355 1081 1423 1115 aut
1453 1080 1667 1126 utrumque

259 1139 536 1189 compluribus
565 1146 658 1190 post
687 1139 863 1180 Socratis
893 1145 1061 1180 mortem
1092 1140 1210 1179 annis
1240 1140 1465 1179 interiectis.

388 1203 445 1242 Ex
475 1205 537 1242 his
566 1205 748 1254 epistulis
773 1204 967 1243 discimus
996 1214 1074 1253 qua
1104 1204 1335 1243 auctoritate
1356 1203 1542 1243 Socrates
1570 1208 1668 1242 tem-

260 1278 357 1318 pore
387 1268 629 1318 procedente
669 1279 766 1308 usus
795 1267 895 1317 sit2).
950 1266 1020 1307 Sin
1052 1271 1184 1308 autem
1217 1267 1411 1318 epistulae
1447 1268 1491 1307 17
1532 1270 1670 1307 auctor

259 1330 526 1371 Athenienses
546 1332 792 1381 paenituisse
814 1331 989 1371 Socratis
1010 1332 1147 1371 mortis
1168 1332 1411 1381 pronuntiat,
1434 1332 1668 1381 intellegen-

260 1395 337 1434 dos
373 1396 498 1435 modo
535 1406 609 1435 eos
645 1400 758 1446 puto,
796 1396 865 1447 qui
903 1396 982 1435 iarn
1019 1400 1135 1436 antea
1165 1394 1317 1436 Socrati
1358 1395 1461 1435 bene
1490 1396 1667 1435 faverant

261 1461 383 1509 atque
426 1460 475 1498 ad
517 1462 770 1499 accusatores
808 1460 1039 1510 puniendos
1078 1461 1354 1505 incitaverant;
1396 1461 1465 1499 sed
1507 1472 1585 1510 qua
1628 1472 1667 1499 re

259 1522 527 1563 Athenienses
556 1524 728 1563 maxime
767 1529 808 1563 ut
838 1524 877 1563 id
907 1524 1109 1564 efficerent
1138 1525 1509 1571 commovebantur,
1547 1525 1665 1564 Lace-

261 1587 570 1627 daemoniorum
588 1589 805 1638 opprobria
823 1590 942 1638 atque
960 1589 1189 1627 inimicitiae
1206 1593 1327 1633 erant,
1345 1588 1456 1638 quod
1473 1589 1667 1638 epistulae

265 1651 311 1689 17
332 1655 471 1690 auctor
490 1656 592 1691 recte
612 1651 744 1697 essem
766 1663 856 1691 cum
878 1651 1158 1696 Athenienses,
1181 1663 1352 1702 quorum
1374 1653 1667 1692 consuetudine

260 1725 359 1753 usus
388 1717 470 1754 erat
489 1714 688 1762 Socrates,
718 1715 815 1754 dum
836 1716 996 1763 viveret,
1026 1716 1256 1766 quibusque
1277 1717 1430 1755 invisus
1458 1721 1540 1756 erat
1561 1717 1670 1755 haud

260 1778 412 1828 paucis,
458 1780 593 1818 multis
633 1779 797 1818 demum
839 1780 957 1819 annis
998 1780 1211 1820 interiectis
1252 1781 1462 1830 ignoscere
1502 1783 1670 1831 possent

261 1843 523 1894 philosopho,
554 1845 703 1883 externi
725 1845 793 1895 qui
815 1844 913 1883 nihil
935 1845 1011 1884 nisi
1041 1845 1091 1884 de
1118 1845 1224 1884 fama
1245 1850 1365 1895 atque
1386 1845 1669 1896 philosophiae

259 1908 348 1945 eius
377 1908 556 1947 doctrina
594 1910 632 1947 et
668 1908 891 1958 praeceptis
928 1909 1175 1956 audiverant,
1213 1910 1366 1959 optime
1404 1910 1543 1948 odium
1575 1921 1668 1949 con-

260 1970 416 2021 cepisse
446 1975 662 2022 potuerunt
691 1983 784 2022 erga
815 1983 899 2019 eos,
930 1973 998 2023 qui
1026 1973 1261 2024 philosophi
1283 1973 1399 2012 morti
1430 1973 1670 2020 institerant;

261 2035 457 2086 imprimis
473 2040 605 2076 autem
621 2037 670 2085 ei,
685 2037 753 2087 qui
769 2047 859 2076 cum
870 2036 1033 2077 Socrate
1048 2037 1311 2076 familiaritate
1329 2038 1534 2077 coniuncti
1547 2043 1669 2084 erant,

260 2100 409 2140 famam
447 2102 535 2140 eius
571 2102 846 2151 divulgabant,
885 2106 927 2141 ut
955 2102 1118 2140 tandem
1150 2102 1343 2140 omnibus
1381 2102 1529 2141 iniuste
1559 2102 1670 2141 dam-

261 2166 380 2204 natus
408 2165 615 2205 videretur.
674 2165 847 2205 Proinde
886 2166 918 2205 si
957 2176 996 2204 re
1032 2176 1123 2205 vera
1162 2165 1228 2209 illi.
1266 2165 1335 2216 qui
1370 2164 1525 2205 Socrati
1563 2166 1669 2205 diem

260 2229 457 2276 dixerunt,
509 2230 549 2268 in
592 2230 655 2269 ius
694 2231 825 2270 vocati
866 2232 971 2277 sunt,
1020 2230 1229 2280 probabile
1268 2230 1423 2269 videtur
1462 2230 1503 2269 id
1544 2231 1670 2269 multo

260 2295 402 2343 postea
438 2293 587 2333 factum
628 2304 761 2344 neque
800 2306 871 2334 eos
900 2296 1040 2341 morte,
1080 2305 1202 2345 quam
1233 2293 1411 2344 effugere
1441 2296 1669 2345 potuerunt,

261 2357 474 2396 damnatos
503 2368 604 2397 esse.

392 2474 424 2514 1)
446 2473 555 2515 Diog.
582 2473 622 2505 L.
647 2474 685 2505 ΙΙ
708 2475 763 2506 43.
790 2474 838 2507 VI
854 2475 879 2506 ⁹.
913 2473 958 2506 cf.
991 2473 1093 2506 Diod.
1126 2474 1194 2506 Sic.
1225 2474 1310 2506 XIV
1326 2475 1367 2506 37
1397 2478 1434 2506 ef,
1458 2473 1555 2506 Suid.
1583 2485 1609 2506 s·
1635 2485 1668 2505 v.

260 2526 410 2569 Μέλητος.
434 2545 468 2549 -
489 2520 884 2569 Uberweg-Praechter,
901 2527 1026 2560 Gesch.
1043 2527 1076 2560 d.
1095 2527 1224 2559 Philos.
1243 2528 1291 2559 1¹⁰
1308 2528 1528 2569 (Altertum).
1545 2539 1577 2570 p.
1597 2528 1669 2559 105.

390 2580 425 2621 2)
449 2579 629 2612 Socratem
652 2581 720 2612 iam
736 2582 858 2613 vivum
876 2582 1006 2623 ubique
1029 2582 1166 2623 ingenti
1182 2581 1276 2613 fama
1292 2591 1395 2614 usum
1417 2591 1494 2614 esse
1517 2581 1574 2613 vel
1591 2579 1668 2612 inde

259 2638 413 2676 apparet,
447 2634 540 2676 quod
572 2635 634 2666 viri
659 2636 814 2666 maxime
845 2635 1000 2667 illustres
1031 2637 1069 2667 et
1091 2635 1299 2667 nobilissimi
1324 2635 1502 2677 sophistae
1530 2654 1564 2659 —
1592 2633 1667 2665 dico

259 2688 478 2731 Aristippum
504 2692 540 2721 et
564 2689 748 2731 Gorgiam;
772 2688 816 2721 cf.
840 2699 892 2731 ep.
921 2691 949 2721 l.
975 2704 1021 2710 —-
1044 2699 1125 2721 cum
1149 2699 1190 2721 eo
1216 2689 1381 2721 collocuti
1406 2692 1502 2722 sunt.
