2138 3299
919 342 1180 382 -39-

342 475 415 507 τῶν
445 470 646 521 διαλόγων,
678 471 903 522 ἀναπέμψαι
963 470 1279 522 Ὑπισχνούμεθα
1308 473 1376 510 οὗν
1406 478 1527 510 ταῦτα
1557 472 1681 523 ἡμᾶς.

343 533 561 585 ἀφιξόμεθά
589 547 630 573 τε
659 535 722 573 διὰ
749 535 910 586 ταχέων.
961 535 1054 572 Alia
1082 538 1222 572 autem
1250 534 1406 584 scripta
1429 535 1619 573 videmus
1643 535 1755 584 apud

342 596 571 636 Lucianum
594 600 697 649 (περὶ
725 600 895 650 παρασίτ
931 610 963 636 c.
985 600 1069 646 32):
1100 598 1287 650 Αἰσχίνης
1304 599 1430 650 μέντοι
1446 600 1466 639 ὁ
1488 599 1757 650 Σωκρατικός,

342 663 449 707 οὗτος
477 662 496 700 ὁ
525 664 610 708 τοὺς
639 665 811 713 μακροὺς
838 665 906 701 καὶ
935 662 1109 708 ἀστείους
1135 663 1334 713 διαλόγους
1361 664 1527 714 γράψας,
1558 664 1634 714 ἧκέ
1660 676 1753 702 ποτε

343 727 380 773 ἐς
417 727 599 767 Σικελίαν
635 727 803 779 κομίζων
844 729 992 774 αὐτοὺς,
1031 728 1066 766 εἴ
1098 740 1178 773 πως
1215 728 1366 766 δύναιτο
1404 727 1450 766 δι’
1496 730 1621 767 αὐτῶν
1657 741 1754 779 γνω-

344 793 491 842 σθῆναι
518 791 701 843 Διονυσίῳ
738 798 789 844 τῷ
826 793 998 844 τυράννῳ
1027 794 1094 830 καὶ
1130 794 1192 830 τὸν
1222 792 1434 843 Μιλτιάδην
1472 795 1660 844 ἀναγνοὺς
1688 795 1756 831 καὶ

343 856 455 903 δόξας
491 857 801 908 εὐδοκιμηκέναι,
841 858 971 896 λοιπὸν
1013 858 1189 907 ἐκάθητο
1233 859 1272 895 ἐν
1312 857 1483 909 Σικελίᾳ,
1530 864 1755 909 παρασιτῶν

342 921 525 972 Διονυσίῳ
543 927 624 967 ταῖς
634 921 865 972 Σωκράτους
883 922 1091 973 διατριβαῖς
1109 922 1474 972 ἐρρῶσθαιφράσας
1482 925 1523 960 et
1534 922 1645 972 apud
1657 922 1751 960 Dio-

340 997 486 1034 genem
504 985 714 1024 Laertium
731 985 903 1035 legimus
921 986 1019 1023 1161
1040 986 1154 1025 δόντα
1170 987 1210 1024 τέ
1228 999 1331 1032 τινας
1346 992 1420 1025 τῶν
1439 987 1628 1038 διαλόγων
1647 988 1754 1038 δῶρα

342 1049 622 1101 λαβεῖν(5ιιΡΡΙ.
634 1052 696 1088 τὸν
707 1050 924 1101 Αἰσχίνην).
938 1049 1062 1099 Apud
1071 1049 1301 1088 Lucianum
1309 1050 1342 1088 si
1353 1049 1558 1088 Miltiades
1567 1050 1755 1100 dialogus

341 1113 593 1157 nominatur,
621 1117 734 1151 certo
752 1125 803 1151 ex
820 1114 935 1152 nulla
952 1113 1034 1150 alia
1051 1124 1176 1151 causa
1199 1113 1275 1151 hoc
1294 1113 1452 1152 factum
1470 1125 1557 1151 esse
1577 1113 1755 1152 arbitror

341 1176 419 1215 nisi
429 1177 541 1227 quod
549 1176 613 1215 hic
624 1177 808 1227 dialogus
823 1177 991 1227 primus,
1007 1177 1183 1227 ideoque
1190 1176 1317 1215 etiam
1327 1177 1534 1226 pessimel)
1550 1177 1754 1227 conscrip-

343 1244 409 1279 tus
432 1241 499 1285 sit,
533 1253 627 1279 cum
642 1240 874 1279 Alcibiades
890 1240 1088 1291 dialogus,
1105 1253 1229 1291 quem
1244 1240 1600 1291 epistolographus
1617 1241 1753 1286 affert,

342 1309 487 1355 postea
504 1305 757 1355 compositus
776 1305 955 1355 primum
973 1304 1109 1344 locum
1128 1305 1365 1344 obtinuerit.
1408 1305 1515 1344 Sane
1534 1305 1755 1344 Aeschines

342 1373 441 1408 tunc
461 1369 545 1407 iam
565 1370 778 1419 complura
796 1369 1093 1419 conscripserat
1115 1373 1241 1419 atque
1261 1370 1360 1407 haec
1382 1370 1510 1407 verba
1530 1370 1584 1407 ab
1603 1369 1753 1419 episto—

342 1433 539 1484 lographo
566 1433 722 1472 inserta
748 1436 859 1477 sunt,
888 1436 934 1471 ut
964 1432 1152 1483 Dionysii
1180 1433 1426 1472 benevolum
1454 1445 1550 1483 erga
1578 1432 1752 1483 philoso-

342 1497 471 1547 phum
500 1497 684 1535 animum
714 1496 1002 1535 demonstrans
1031 1497 1283 1535 mentionem
1312 1496 1464 1535 faceret
1487 1496 1644 1535 itineris
1666 1497 1752 1535 eius

342 1561 492 1600 iterum
515 1560 557 1599 in
584 1560 764 1599 Siciliam
787 1561 899 1599 facti.
948 1561 1003 1599 At
1028 1561 1127 1599 haec
1152 1560 1329 1610 epistula
1353 1565 1398 1598 ut
1424 1560 1565 1599 variae
1587 1573 1753 1611 quoque

341 1625 427 1663 eius
448 1624 560 1663 modi
580 1625 837 1662 narrationes
857 1624 899 1662 in
919 1624 1094 1662 fabellae
1114 1624 1248 1662 forma
1266 1624 1486 1673 redditae2)
1509 1624 1649 1674 magni
1668 1636 1753 1662 mo-

341 1688 469 1727 menti
491 1701 574 1727 non
594 1692 706 1733 sunt,
730 1688 972 1738 praesertim
991 1700 1086 1727 curn
1110 1689 1230 1726 Plato
1248 1692 1288 1727 et
1306 1688 1554 1739 Aristippus,
1577 1701 1754 1739 quorum

343 1756 517 1803 uterque
537 1752 780 1791 Aeschinem
800 1753 1063 1791 commendat
1085 1752 1296 1803 Dionysio,
1317 1753 1480 1803 saepius
1500 1756 1753 1791 commuten—

343 1820 422 1855 tur.

722 1937 779 1974 17.
813 1935 1032 1973 Platonis
1062 1935 1367 1984 Protagoras.

474 2008 662 2060 Denique
680 2009 721 2048 in
740 2009 917 2060 epistula
939 2012 983 2048 l7
1005 2009 1189 2048 Platonis
1207 2009 1406 2059 dialogus,
1427 2009 1498 2060 qui
1516 2010 1755 2049 inscribitur

342 2074 615 2125 Πρωταγόρας,
634 2074 892 2124 significatur
904 2073 1056 2112 verbis:
1078 2075 1345 2125 ἐσχετλίασας.
1367 2080 1399 2112 εἰ
1416 2075 1541 2124 ὁπρὸς
1561 2076 1605 2113 σέ
1622 2088 1667 2125 γε
1687 2077 1754 2113 καὶ

342 2140 404 2177 τὸν
421 2138 536 2178 Κεῖον
551 2138 742 2189 Πρόδικον
762 2140 829 2177 καὶ
845 2138 1108 2190 Πρωταγόραν
1129 2140 1191 2177 τὸν
1207 2138 1448 2190 Ἀβδηρίτην
1470 2139 1754 2190 διαμαχόμενος

342 2205 429 2253 περὶ
463 2205 615 2253 ἀρετῆς,
654 2205 679 2254 ᾖ
709 2205 755 2241 ἂν
789 2203 933 2253 γένοιτο
968 2204 1036 2241 καὶ
1072 2204 1174 2248 ὅπως
1211 2205 1256 2241 ἂν
1293 2203 1451 2253 γένοιτο,
1491 2204 1558 2241 καὶ
1592 2204 1648 2241 ὅτι
1675 2204 1752 2254 χρὴ

343 2268 482 2317 ταύτης
510 2269 656 2313 πάντας
685 2267 878 2317 ἐφίεσθαι,
899 2278 1005 2317 quae
1024 2278 1187 2304 summa
1206 2266 1312 2304 illius
1333 2266 1483 2316 dialogi
1503 2266 1752 2305 continetur.

341 2353 394 2358 —
422 2330 483 2369 De
513 2331 705 2369 Isocratis
734 2330 919 2369 oratione
948 2330 1001 2369 ad
1022 2330 1272 2381 Philippum,
1302 2342 1438 2381 regem
1467 2331 1751 2376 Macedonum,

472 2450 505 2489 1)
529 2448 573 2482 cf.
611 2448 716 2492 Diog.
754 2448 795 2480 L.
828 2448 863 2480 II
892 2448 949 2480 61:
986 2452 1110 2490 πρῶτος
1146 2448 1320 2491 Μιλτιάδης,
1357 2451 1404 2480 διὸ
1440 2450 1488 2481 καὶ
1524 2450 1752 2490 ἀσθενέστερόν

342 2512 409 2537 “1⁰⁹
431 2504 507 2598 ἔχζ).
530 2556 575 2590 Η.
598 2557 761 2596 Dittmar,
785 2556 968 2589 Aischines
991 2565 1062 2588 von
1087 2555 1266 2598 Sphettos,
1291 2566 1325 2598 p.
1346 2556 1417 2588 178.
1443 2556 1516 2589 250.
1557 2556 1597 2589 R.
1625 2555 1749 2591 Hirzel.

342 2610 473 2652 Dialog
495 2610 523 2646 1.
547 2621 579 2652 p.
597 2610 659 2643 134
679 2609 760 2642 adn.
778 2611 807 2642 2.
833 2609 895 2642 138
907 2619 957 2651 sq.
991 2609 1054 2641 Th.
1072 2610 1255 2652 Gomperz,
1281 2610 1304 2642 1.
1321 2620 1351 2642 c.
1375 2621 1409 2652 p.
1428 2610 1499 2649 172,
1523 2609 1602 2642 adn.
1628 2621 1660 2652 p.
1678 2609 1748 2641 552.

342 2664 398 2697 W.
424 2663 556 2701 Krane,
582 2664 635 2697 De
653 2663 838 2698 Aeschinis
862 2663 1031 2697 Socratici
1055 2662 1221 2705 reliquiis,
1244 2673 1277 2706 p.
1294 2663 1395 2706 28sq.
