2138 3299
892 384 1158 425 ..72-

316 513 445 552 etiam
469 511 666 564 plurimas
688 524 796 564 quae
818 513 872 552 ad
892 511 1110 551 historiam
1132 511 1342 563 pertinent
1363 511 1555 551 scientias
1578 513 1736 553 auctori

320 577 522 628 epistulae
559 576 757 616 obtulisse
795 576 969 621 dicatur,
1009 589 1188 628 quarum
1225 576 1462 616 narratione
1500 576 1737 628 Philippum

319 639 513 681 delectari
530 639 562 678 is
579 640 650 692 qui
667 640 876 692 scripserit
894 640 1116 692 epistulam
1133 641 1303 680 minime
1319 640 1493 693 ignorat.
1515 641 1737 693 Antipater

319 705 411 757 quis
431 704 499 751 sit,
522 704 740 751 nescimus,
762 706 834 745 sed
854 717 906 744 ex
926 705 1104 757 epistula
1124 705 1240 745 varia
1261 707 1312 745 de
1331 718 1379 745 eo
1400 706 1569 758 eiusque
1588 705 1735 744 studiis

321 769 548 820 comperire
580 769 781 810 videmur.
847 770 1050 810 Audimus
1083 771 1353 822 Antipatrum
1384 783 1471 809 esse
1503 770 1738 822 Magnetem

319 835 357 882 (ξ
380 836 430 882 1),
458 833 529 884 qui
554 833 608 872 ab
632 833 771 884 aliquo
798 834 989 884 Magnete
1012 834 1160 872 iniuria
1184 835 1372 874 adfectus
1396 835 1469 879 sit;
1495 847 1628 885 neque
1650 846 1737 872 esse

320 897 530 935 hominem
555 897 816 942 mediocrem,
840 898 911 936 sed
935 909 1079 937 verum
1101 897 1357 949 scriptorem,
1382 898 1452 948 qui
1476 899 1559 937 iam
1581 897 1653 937 diu
1674 910 1737 936 res

324 961 576 1000 Graecorum
592 964 730 1011 gestas
749 960 981 999 conscribat
1001 964 1128 1011 atque
1145 961 1254 999 solus
1273 965 1315 999 et
1333 960 1489 1011 primus
1507 962 1669 999 fabulas
1687 962 1738 1001 de

317 1023 552 1074 regionibus
570 1023 641 1068 eis,
661 1035 764 1074 quas
783 1024 1029 1064 Heraclidae
1047 1024 1316 1075 possiderent,
1335 1024 1419 1064 fide
1437 1024 1581 1075 dignas
1599 1036 1736 1062 narra—

318 1087 425 1126 verit
451 1089 488 1137 (§
506 1090 558 1137 5).
607 1087 643 1127 E
666 1087 801 1127 verbis
825 1090 893 1127 καὶ
922 1088 1045 1127 πάλαι
1078 1090 1114 1138 (ἓ
1137 1091 1173 1137 l)
1197 1089 1330 1127 elucet
1354 1087 1454 1128 illud
1477 1100 1595 1139 opuS,
1625 1088 1737 1139 quod

321 1151 542 1202 Antipater
566 1151 789 1202 scripserit,
817 1165 900 1190 non
924 1153 1170 1203 scriptulum
1196 1152 1331 1191 luisse.
1384 1153 1737 1191 Commemoratur

319 1215 541 1266 Antipater
571 1227 665 1253 curn
695 1215 783 1253 aliis
813 1216 910 1253 locis
939 1220 1033 1254 tum
1061 1216 1104 1253 in
1134 1218 1234 1264 §12
1263 1215 1335 1254 ubi
1363 1215 1565 1266 epistulae
1594 1219 1737 1253 auctor

320 1279 560 1330 Philippum
589 1279 851 1325 adhortatur,
884 1283 931 1318 ut
963 1280 1233 1331 Antipatrum
1263 1293 1285 1318 e
1314 1292 1452 1318 rerum
1485 1279 1737 1319 Graecarum

319 1344 530 1382 volumine
556 1343 712 1395 aliquid
739 1344 912 1382 recitare
938 1344 1095 1389 iubeat,
1125 1348 1172 1382 ut
1199 1345 1489 1394 Theopompus
1517 1348 1737 1394 cognoscat

317 1421 361 1446 se
378 1408 490 1447 nullo
507 1408 595 1447 iure
611 1421 636 1446 a
651 1421 745 1460 rege
761 1408 953 1447 omnibus
972 1408 1095 1447 adfici
1113 1408 1242 1448 bonis.
1279 1407 1452 1447 Orellius
1472 1408 1511 1457 (l.
1531 1421 1564 1446 c.
1585 1420 1623 1458 p.
1645 1410 1737 1456 262)

319 1485 404 1512 non
420 1472 547 1511 alium
563 1484 650 1510 esse
665 1472 987 1523 intellegendum
1003 1484 1132 1524 quam
1148 1471 1469 1511 famosissimum
1485 1471 1600 1510 illum
1617 1472 1737 1510 Alex-

318 1536 436 1576 andri
456 1548 745 1582 successorem,
777 1536 879 1575 Iolai
899 1536 1045 1582 filium,
1068 1536 1250 1587 putavit,
1272 1538 1323 1576 de
1343 1549 1425 1587 quo
1449 1535 1595 1576 Suidas
1617 1535 1734 1575 dicit:

318 1600 526 1639 κατέλιπεν
556 1601 768 1639 ἐπιστολῶν
807 1601 1044 1652 σύγγραμμα
1083 1602 1122 1638 ἐν
1153 1600 1308 1648 βιβλίοις
1337 1601 1435 1645 δυσὶ,
1472 1602 1541 1637 καὶ
1570 1600 1737 1650 ἱστορίαν

320 1666 388 1710 τὰς
424 1663 643 1714 Περδίκκου
681 1663 837 1714 πράξεις
876 1664 1100 1715 Ἰλλυρικὰς
1136 1667 1178 1701 et
1218 1668 1317 1709 cet.;
1359 1664 1469 1702 hunc
1503 1667 1643 1701 autem
1677 1662 1736 1701 in-

320 1727 456 1778 tellegi
478 1739 562 1765 non
582 1726 766 1778 potuisse
787 1727 960 1765 Orellius
980 1726 1067 1778 ipsc
1089 1731 1232 1778 postea
1253 1726 1457 1777 cognovit.
1501 1726 1737 1766 Fredericus

320 1791 438 1830 Blass
456 1791 693 1842 (Eloquent.
741 1791 867 1830 Attio.
888 1791 944 1837 ΙΙ,
964 1804 1001 1842 p.
1023 1794 1089 1840 69)
1103 1792 1132 1840 ¹)
1157 1791 1283 1831 verba
1309 1791 1477 1842 ἱστορίαν
1493 1793 1560 1837 τὰς
1576 1790 1736 1841 Περδίκ-

319 1868 390 1895 κου
428 1854 585 1907 πράξεις
619 1854 715 1894 huic
744 1854 967 1907 Antipatro
998 1854 1178 1907 Magneti
1216 1854 1493 1895 adiudicanda
1527 1866 1614 1893 esse
1647 1866 1738 1905 pro-

320 1920 470 1969 posuit.
527 1920 820 1970 Quaerendum
844 1924 920 1964 est,
946 1932 1048 1958 num
1071 1921 1211 1958 rhetor
1236 1920 1339 1957 falso
1364 1932 1460 1957 usus
1485 1919 1539 1957 sit
1565 1931 1739 1969 persona

320 1983 546 2034 Antipatri,
586 1995 709 2034 quem
751 1982 898 2023 Suidas
937 1987 1060 2022 vocat
1097 1983 1340 2034 scriptorem
1376 1994 1514 2022 rerum
1528 1983 1571 2031 2).
1648 1983 1737 2020 Hoc

321 2050 463 2086 autem
481 2059 565 2085 non
582 2047 761 2090 credam,
790 2046 888 2097 quia
905 2047 956 2086 de
973 2046 1091 2092 libro,
1116 2047 1187 2097 qui
1212 2046 1432 2097 inscriptus
1450 2050 1541 2085 erat
1560 2047 1738 2097 Ἑλληνι-

320 2113 388 2150 καὶ
417 2110 573 2162 πράξεις
610 2121 731 2148 nemo
761 2109 984 2161 quicquam
1017 2110 1191 2161 protulit
1225 2114 1352 2161 atque
1383 2109 1738 2161 epistolographus

320 2175 499 2226 epistula
535 2174 705 2213 ineunte
739 2174 1009 2225 Antipatrum
1043 2177 1085 2214 τὸ
1116 2176 1183 2226 μὲν
1211 2175 1319 2226 γένος
1347 2174 1507 2225 Μάγνης
1542 2175 1735 2225 appellat.

327 2238 487 2290 Quibus
515 2239 568 2279 de
596 2238 729 2277 causis
757 2242 917 2277 restant
946 2239 1054 2279 duae
1080 2238 1279 2277 rationes:
1311 2242 1385 2276 aut
1414 2242 1557 2277 auctor
1585 2237 1736 2283 omnia,

321 2315 428 2354 quae
448 2304 500 2343 de
519 2302 744 2353 Antipatro
764 2302 879 2347 dicit,
899 2302 1064 2341 effinxit
1084 2303 1137 2343 ad
1157 2302 1423 2353 proferendas
1441 2314 1504 2340 res
1523 2301 1739 2340 historicas

321 2371 364 2406 et
389 2366 770 2419 mythographicas,
799 2370 872 2404 aut
898 2366 1140 2418 scriptorem
1166 2366 1389 2418 quendam,
1418 2365 1532 2404 cuius
1559 2378 1661 2416 opus
1688 2366 1739 2405 de

322 2431 621 2484 antiquissimis
645 2432 768 2471 rebus
794 2435 896 2476 erat,
922 2431 967 2470 in
991 2430 1231 2471 memoriam
1256 2443 1449 2470 revocare
1474 2431 1577 2470 vult.

453 2537 487 2578 1)
511 2536 629 2570 obens
655 2548 688 2580 p.
708 2537 748 2570 31
766 2536 933 2571 declarat:
961 2537 1056 2576 „ssle‚
1072 2536 1116 2569 de
1135 2547 1204 2579 quo
1221 2537 1324 2569 Blass
1340 2536 1486 2579 cogitat,
1501 2535 1598 2569 filius
1614 2535 1739 2572 «Iollae,

322 2600 393 2622 non
424 2600 503 2623 esse
534 2594 683 2633 potest,“
719 2601 801 2624 cum
824 2590 962 2622 Blassio
986 2600 1192 2633 persuasum
1217 2591 1265 2622 sit
1295 2600 1365 2621 non
1397 2590 1497 2621 illum
1524 2589 1676 2631 Philippi
1704 2593 1741 2622 et

322 2643 513 2677 Alexandri
545 2643 674 2678 ducem
699 2647 867 2677 vocatum
899 2653 986 2683 esse,
1019 2643 1081 2676 sed
1114 2643 1318 2686 scriptorem
1339 2652 1455 2675 rerum
1478 2642 1664 2685 quendam,
1696 2642 1739 2676 de

322 2708 393 2739 quo
414 2698 458 2730 ad
481 2698 577 2731 hunc
600 2698 693 2730 diem
717 2698 766 2730 nil
790 2708 1001 2731 noveramus
1025 2697 1083 2739 (cf.
1107 2698 1130 2731 1.
1156 2707 1185 2730 c.
1205 2708 1237 2739 p.
1255 2697 1384 2739 58sq.).

449 2751 485 2792 2)
508 2751 580 2785 vid.
605 2751 734 2791 Obana,
758 2762 790 2794 p.
807 2751 859 2784 32.
