2138 3299
867 280 1155 322 —101—

306 408 446 456 verba,
472 420 580 461 quae
594 408 638 448 in
651 407 875 460 tragoediis
890 421 915 448 a
932 408 1132 461 Dionysio
1149 410 1168 449 I
1185 410 1427 463 conscriptis
1442 410 1617 452 inventa
1629 425 1718 453 esse

309 472 523 513 Helladius
537 472 672 518 refert,
691 472 928 513 comoediae
947 473 1119 519 addixit,
1145 486 1279 526 neque
1290 487 1389 514 vero
1411 479 1459 514 ut
1481 476 1583 515 mihi
1602 477 1717 517 vide-

306 540 386 583 tur,
414 536 525 577 bono
549 535 648 576 iure.
686 536 869 576 Tametsi
893 536 1054 577 nullum
1076 538 1314 590 exemplum
1336 551 1489 586 eorum,
1519 553 1627 592 quae
1649 553 1714 593 ep.

309 604 360 641 35
385 601 566 652 praebet,
599 601 712 652 apud
732 600 971 641 Helladium
995 602 1243 653 reperiturl),
1274 607 1419 643 tamen
1443 603 1534 643 fieri
1561 605 1716 656 potuit,

307 668 355 703 ut
372 664 530 716 reliqua
549 677 656 716 quae
672 664 898 704 exstabant
915 665 1105 717 exempla
1118 667 1561 718 comprehenderentur
1577 668 1717 709 verbis

307 732 376 769 καὶ
402 732 449 769 τὰ
477 730 603 770 πολλὰ
631 736 787 770 τοιαῦτα
815 730 1103 782 καταγέλαστα.
1141 731 1343 771 Attamen
1365 744 1449 770 non
1472 732 1552 772 dici
1576 736 1716 783 potest

264 810 267 813 ⁴
306 794 394 833 eius
417 794 530 834 modi
547 794 677 833 verba
696 793 830 833 solum
847 794 1036 834 versibus
1055 794 1213 834 inclusa
1235 794 1378 841 fuisse;
1405 797 1478 836 sed
1493 795 1717 848 Dionysius

304 857 443 897 verbis
470 857 573 898 item
598 857 702 896 talia
729 857 884 908 fingere
911 858 1060 909 potuit,
1101 871 1208 910 quae
1237 859 1415 898 Athanis
1443 860 1603 911 aliique,
1644 861 1716 911 qui

309 921 522 972 Syracusis
537 921 781 961 commorati
797 925 904 967 sunt,
925 921 1044 961 facile
1058 926 1321 974 exceperunt.
1349 923 1555 964 Nimirum
1569 925 1716 965 eadem

304 986 390 1027 iam
409 990 549 1026 aetate
565 986 634 1026 vel
651 990 798 1038 postea
816 986 938 1026 huius
957 987 1070 1028 modi
1085 988 1293 1039 quaedam
1312 987 1459 1026 afficta
1477 1000 1574 1034 esse,
1599 1000 1715 1040 prae-

306 1051 425 1102 cipue
438 1051 482 1090 in
488 1051 676 1090 versibus
689 1050 867 1098 comicis,
877 1051 1016 1102 negari
1029 1064 1114 1090 non
1126 1055 1304 1102 oportet.
1316 1051 1510 1091 Forsitan
1522 1052 1716 1102 epistolo-

304 1115 486 1167 graphus
501 1119 734 1156 commotus
752 1115 806 1155 sit
824 1119 871 1155 ut
890 1115 1020 1156 verba
1038 1115 1192 1155 faceret
1212 1115 1264 1156 de
1279 1114 1468 1167 Dionysii
1482 1117 1716 1169 κακοζηλίᾳ,

305 1181 419 1232 quod
437 1180 482 1219 in
502 1180 687 1219 Platonis
708 1180 791 1228 (vel
806 1179 1041 1231 Speusippi)
1060 1180 1174 1219 h‘bris
1196 1182 1267 1229 (an
1285 1180 1537 1220 carminibus
1550 1181 1586 1230 ?)
1607 1194 1716 1220 nunc

304 1243 478 1296 perditis
505 1243 757 1295 exemplaria
785 1243 907 1283 huius
935 1244 1048 1285 modi
1076 1244 1303 1284 invenerat.
1360 1244 1578 1284 Platonem
1605 1245 1716 1285 enim

303 1309 407 1347 talia
446 1321 557 1348 nova
594 1309 724 1347 verba
762 1308 933 1347 finxisse
973 1331 1027 1337 -—
1067 1309 1167 1347 haec
1207 1309 1338 1348 debeo
1385 1309 1582 1360 magistro
1623 1322 1714 1349 meo

305 1372 545 1413 Hermanno
577 1372 761 1412 Schoene
785 1395 839 1402 —
862 1375 1045 1412 testatur
1071 1373 1312 1412 Aristoteles
1341 1373 1479 1423 Topic,
1510 1374 1573 1412 ed.
1605 1373 1711 1412 Bek-

303 1437 377 1475 ker
402 1449 441 1487 p.
465 1437 588 1476 140A
615 1439 726 1481 3—5,
768 1437 838 1475 ubi
875 1436 1063 1486 legimus:
1101 1438 1154 1475 ἔτι
1187 1438 1220 1475 εἰ
1248 1438 1300 1488 μὴ
1330 1437 1516 1488 κειμένοις
1551 1437 1714 1489 ὀνόμασι

304 1507 458 1553 χρῆται,
486 1503 564 1541 οἷον
593 1501 756 1541 Πλάτων
785 1501 1001 1552 ὀφρυόσκον
1029 1502 1092 1540 τὸν
1122 1501 1338 1552 ὀφθαλμόν,
1374 1501 1400 1551 ἢ
1429 1502 1471 1539 τὸ
1500 1501 1713 1552 φαλάγγιον

307 1566 533 1616 σηψιδακὲς,
570 1567 596 1616 ἢ
631 1567 694 1604 τὸν
732 1566 868 1617 μυελὸν
897 1566 1114 1617 ὀστεογενές
1136 1578 1143 1586 ·
1167 1572 1244 1604 πᾶν
1285 1567 1360 1616 γὰρ
1398 1566 1548 1616 ἀσαφὲς
1582 1567 1623 1604 τὸ
1661 1567 1713 1617 μὴ

304 1630 454 1679 εἰωθός,
483 1642 590 1681 quae
619 1629 808 1669 notiones
835 1629 948 1669 nullo
975 1629 1056 1668 alio
1084 1629 1173 1668 loco
1199 1628 1473 1680 reperiuntur.

436 1694 579 1733 Altera
599 1698 663 1733 est
686 1694 884 1746 quaestio,
911 1694 996 1732 utri
1019 1693 1302 1733 adiudicemus
1321 1693 1427 1732 hanc
1451 1693 1605 1733 malam
1624 1706 1715 1733 ver-

304 1759 452 1799 borum
487 1758 884 1810 interpretationem,
929 1758 1129 1809 Dionysio
1161 1758 1180 1796 I
1221 1771 1276 1797 an
1307 1758 1380 1797 II?
1441 1757 1483 1797 Si
1523 1758 1715 1798 Helladio

304 1823 468 1864 credere
493 1822 624 1868 liceat,
660 1825 773 1861 certo
801 1821 1000 1874 Dionysio
1021 1822 1040 1860 I
1068 1821 1300 1862 addicenda
1324 1826 1398 1868 est,
1437 1834 1546 1873 quae
1569 1834 1634 1861 res
1660 1821 1714 1860 ad

304 1887 453 1933 omnia,
483 1899 590 1938 quae
607 1886 758 1927 scimus
771 1887 822 1927 de
839 1899 887 1925 eo
905 1886 1075 1937 eiusque
1090 1886 1324 1926 litterarum
1342 1886 1501 1932 studiis,
1535 1886 1715 1926 maxime

304 1955 405 2002 apta
423 1954 498 1990 est.
538 1951 594 1990 At
622 1950 706 1990 iam
725 1950 946 1990 Eduardus
966 1950 1138 2001 Meyer2)
1170 1949 1417 2001 Dionysium
1438 1951 1480 1989 II
1502 1954 1714 1989 auctorem

303 2028 391 2055 esse
409 2014 675 2060 existimavit,
699 2027 783 2065 qua
800 2026 844 2052 re
863 2014 1071 2053 adductus
1089 2018 1152 2052 est
1167 2015 1315 2059 Ritter,
1341 2018 1387 2052 ut
1408 2018 1582 2064 quaerat
1603 2018 1712 2053 atto-

303 2079 443 2128 nite³):
491 2078 599 2125 „Mit
627 2078 822 2117 welchem
851 2078 983 2117 Recht
1012 2077 1175 2116 bezieht
1205 2078 1281 2116 Ed.
1315 2077 1453 2128 Meyer
1481 2077 1549 2117 die
1577 2077 1712 2116 Nach-

302 2143 465 2182 richten
491 2143 593 2182 iiber
620 2142 757 2182 solche
774 2141 1166 2192 Worterfindungen
1185 2141 1256 2180 auf
1277 2140 1326 2179 D.
1351 2141 1393 2179 II
1407 2141 1453 2180 ?‘¹
1492 2141 1583 2179 Meo
1604 2141 1712 2181 arbi-

302 2210 420 2246 tratu
450 2207 558 2247 duae
587 2219 652 2247 res
682 2206 792 2246 hunc
825 2205 1071 2257 Dionysium
1098 2205 1419 2256 intellegendum
1446 2217 1535 2244 esse
1563 2205 1713 2245 testari

302 2271 553 2319 videntur⁴):
592 2271 774 2321 primum
800 2272 1006 2310 traditum
1033 2274 1097 2308 est
1127 2269 1335 2313 Athanim,
1379 2269 1450 2319 qui
1481 2269 1670 2319 Dionysii
1692 2270 1711 2308 I

305 2325 645 2377 “‘YTfi‘libris
656 2333 901 2377 manuscriptis
916 2343 987 2366 non
1005 2333 1137 2377 legitur
1151 2333 1200 2366 καὶ
1212 2333 1384 2375 βαλλάντια
1400 2332 1440 2365 τὰ
1457 2333 1595 2373 ἀκόντια,
1618 2331 1714 2376 quod

303 2389 461 2422 Hercher
481 2389 636 2431 praebet,
662 2387 725 2421 sed
747 2389 797 2420 καὶ
819 2390 860 2421 τὰ
882 2388 960 2420 ἄλλα
982 2389 1023 2420 τὰ
1045 2390 1126 2430 ἡδέα
1147 2389 1188 2420 τὰ
1209 2388 1316 2429 κομψὰ
1338 2387 1453 2420 ταῦτα.

432 2441 467 2484 2)
490 2442 617 2475 Gesoh.
643 2441 677 2474 d.
701 2441 907 2478 Altertums.
931 2441 964 2475 V
979 2440 1091 2473 511A.

432 2495 452 2528 3
515 2519 523 2528 .
541 2494 605 2528 389
628 2494 709 2528 adn.

432 2497 468 2589 43
489 2506 709 2590 athenaeus,
740 2550 800 2592 qui
827 2548 994 2581 Athanim
1023 2550 1205 2582 auctorem
1241 2548 1436 2585 arcessivit,
1470 2549 1716 2590 quaestionem

303 2603 395 2636 hanc
407 2612 479 2635 non
495 2603 631 2647 tetigit:
647 2603 700 2638 Ut
714 2603 784 2636 iam
799 2603 952 2645 antiquis
968 2602 1185 2645 temporibus
1202 2601 1245 2635 de
1262 2602 1435 2646 Dionysio
1452 2612 1555 2635 nemo
1572 2602 1715 2639 sciebat,
