2138 3299
915 314 1184 354 -54—

340 444 392 488 ci,
410 444 511 494 quid
526 443 624 481 novi
639 442 939 492 comperiamus
957 442 1007 480 de
1021 442 1090 480 illo
1104 442 1217 492 quod
1231 442 1551 482 commemoravi
1567 442 1758 492 epistolo·

340 508 592 559 graphorum
629 506 854 557 proposito.
929 505 1053 556 Apud
1091 505 1318 556 Diogenem
1355 505 1567 545 Laertium
1603 505 1759 544 citatur

341 572 519 622 epistula
542 570 743 621 Aristippi
768 571 821 609 ad
845 571 998 609 Areten
1022 569 1153 608 filiam
1176 570 1350 619 missal),
1375 570 1490 609 cuius
1514 569 1641 609 verba
1664 582 1759 608 eum

341 635 543 686 epistulae
570 634 804 674 Socraticae
829 635 986 686 optime
1010 634 1291 680 consentiunt,
1317 648 1401 686 qua
1424 647 1475 673 ex
1498 647 1541 673 re
1565 646 1647 673 non
1673 646 1757 673 am-

343 700 515 750 biguum
539 713 626 739 esse
650 704 802 751 potest,
828 700 929 750 quin
953 703 1128 750 uterque
1153 703 1298 738 auctor
1323 700 1377 738 ad
1399 700 1576 739 eundem
1600 698 1759 738 fontem

341 764 496 803 redeat.
556 764 748 815 Epistula
779 764 990 802 Socratica
1017 776 1117 802 num
1147 763 1201 801 ad
1230 767 1530 802 testamentum
1558 763 1758 813 Aristippi

342 841 425 867 non
451 828 602 867 falsum
626 829 891 878 spectaverit,
918 829 1146 867 discernere
1170 840 1253 866 non
1279 840 1511 878 possumus,
1536 828 1608 866 sed
1632 827 1758 866 etiam

342 893 417 930 hoc
435 893 559 930 modo
575 892 626 930 de
642 893 904 930 testamentis
921 893 1054 930 multa
1069 904 1176 942 quae
1191 892 1393 930 notabilia
1407 892 1504 937 sint,
1522 892 1755 942 accipimus.

473 956 535 995 De
569 957 832 995 testamentis
866 956 1049 1007 antiquis
1082 955 1339 1007 temporibus
1372 956 1614 1007 conscriptis
1647 955 1758 995 haud

340 1020 474 1058 multa
490 1021 740 1069 constant²):
760 1020 917 1059 tradita
932 1025 1029 1059 sunt
1048 1020 1259 1065 nonnulla,
1278 1024 1325 1059 ut
1343 1021 1542 1066 Platonis,
1559 1021 1758 1059 Aristote-

339 1085 401 1130 lis,
422 1084 606 1135 Epicuri,
630 1084 851 1130 Stratonis,
873 1086 1059 1124 aliorum.
1101 1085 1191 1123 Iam
1211 1085 1324 1135 prius
1344 1085 1677 1123 demonstratum
1696 1088 1757 1123 est

339 1148 410 1187 illa
441 1152 677 1199 temporum
710 1148 886 1187 decursu
918 1149 1030 1188 aliud
1063 1153 1189 1199 atque
1222 1149 1434 1187 verbosius
1467 1152 1758 1198 argumentum

340 1214 556 1264 complexa
574 1225 674 1259 esse,
696 1218 741 1252 ut
761 1214 884 1253 hodie
900 1209 1137 1253 noverimus
1155 1213 1450 1264 posterioribus
1469 1213 1636 1252 demum
1655 1217 1757 1252 tem—

340 1277 510 1327 poribus
551 1277 855 1327 philosophiam
896 1282 942 1315 ut
982 1277 1256 1316 hereditatem
1296 1277 1631 1315 commendatam
1671 1289 1758 1314 esse

339 1342 591 1392 heredesque
617 1342 753 1387 simul,
783 1346 828 1380 ut
852 1342 1155 1393 philosophiam
1182 1342 1376 1387 colerent,
1405 1341 1585 1381 monitos
1613 1340 1756 1388 suisse;

338 1406 410 1443 sed
430 1405 514 1444 iam
534 1406 576 1443 in
597 1405 873 1455 Theophrasti
894 1410 1147 1444 testamento
1167 1405 1366 1443 nonnulla
1384 1409 1496 1450 sunt,
1518 1417 1625 1456 quae
1644 1417 1756 1455 spec-

337 1473 431 1508 tant
450 1470 503 1508 ad
519 1470 718 1514 scholam,
748 1471 814 1508 cui
830 1470 1054 1515 tribuatur,
1084 1474 1124 1508 et
1143 1469 1446 1520 philosophiam
1462 1470 1613 1519 ipsam:
1633 1472 1696 1509 τὸν
1715 1471 1758 1510 δὲ

337 1539 464 1584 κῆπον
483 1535 551 1572 καὶ
568 1535 631 1572 τὸν
649 1534 859 1584 περίπατον
886 1564 893 1571 .
913 1564 919 1571 .
942 1536 1044 1580 ὅπως
1062 1536 1118 1572 ὅτι
1136 1534 1304 1585 μάλιστα
1322 1535 1511 1585 προαχθῇ
1529 1536 1632 1572 κατὰ
1651 1534 1755 1584 φιλο-

340 1598 492 1648 σοφίαν,
513 1609 608 1636 cum
616 1597 658 1635 in
672 1596 878 1636 Stratonis
892 1598 1207 1636 testamentaria
1223 1597 1440 1636 voluntate
1453 1599 1507 1647 (p.
1520 1599 1596 1635 224
1604 1597 1756 1645 Bruns)

340 1661 473 1711 primo
495 1661 672 1706 dicatur,
695 1661 767 1711 qui
784 1661 967 1699 scholam
984 1661 1181 1711 suscipiat
1203 1661 1442 1710 regendam:
1467 1662 1691 1701 καταλείπω
1714 1663 1757 1700 δὲ

338 1727 407 1776 τὴν
423 1728 490 1778 μὲν
506 1726 703 1778 διατριβὴν
712 1725 878 1771 Λύκωνι,
890 1727 1024 1777 ἐπειδὴ
1039 1732 1113 1765 τῶν
1129 1727 1257 1765 ἄλλων
1272 1727 1306 1765 οἱ
1322 1726 1389 1778 μέν
1405 1727 1477 1765 εἰσι
1491 1726 1755 1778 πρεσβύτεροι,

337 1791 372 1829 οἱ
401 1791 444 1830 δὲ
474 1790 655 1843 ἀᾱχολοι.
675 1820 682 1828 .
706 1789 761 1838 3).

474 1854 702 1893 Guilelmus
718 1855 913 1893 Croenert
931 1855 1088 1901 (Kolot.
1108 1868 1145 1893 u.
1166 1855 1324 1893 Mened.
1344 1867 1381 1905 p.
1404 1857 1452 1893 86
1470 1867 1528 1905 sq.
1549 1854 1643 1893 adn.
1663 1857 1755 1903 426)

338 1919 561 1969 epistulam
578 1918 685 1957 hanc
707 1918 974 1964 Socraticam,
995 1931 1077 1969 qua
1095 1919 1331 1969 Aristippus
1349 1922 1630 1957 commutatus
1649 1923 1755 1957 esset

468 2046 501 2088 l)
523 2046 630 2088 Diog.
658 2046 696 2078 L.
715 2045 752 2077 II
768 2046 825 2079 72:
851 2047 891 2079 τὰ
906 2046 1021 2080 ἄριστα
1037 2048 1204 2080 ὑπετίθετο
1221 2049 1262 2090 τῇ
1280 2046 1416 2089 θυγατρὶ
1433 2045 1572 2089 Ἀρήτῃ,
1596 2050 1758 2079 συνασκῶν

338 2102 437 2143 αὐτὴν
467 2102 672 2142 ὑπεροπτικὴν
704 2103 762 2132 τοῦ
794 2101 935 2134 πλείονος
964 2102 1052 2137 εἶναι,
1085 2111 1177 2143 quae
1206 2100 1313 2133 verba
1343 2099 1555 2142 respondent
1586 2100 1756 2142 epistulae

337 2154 472 2186 Socrat.
506 2154 526 2194 ἓ
544 2153 580 2186 2:
613 2154 804 2193 ὑποτίθεμαι
827 2155 864 2185 δέ
886 2165 936 2186 σοι
959 2155 998 2186 τὰ
1022 2156 1099 2189 πρὸς
1120 2154 1278 2196 ἄρχοντας
1305 2154 1477 2193 οἱκονομεῒν
1502 2176 1509 2184 .
1536 2176 1544 2184 .
1571 2176 1577 2184 .
1604 2156 1699 2185 τοῦτο
1724 2153 1754 2185 δ’

336 2209 373 2250 ἦν
392 2209 438 2250 μὴ
462 2207 519 2240 τοῦ
542 2208 683 2240 πλείονος
704 2209 901 2249 ὀριγνᾶσθαι.

466 2261 501 2301 2)
525 2259 597 2293 vid.
619 2260 675 2293 Fr.
693 2259 822 2297 Bruck,
844 2260 1059 2302 Schenkung
1073 2260 1135 2293 auf
1152 2260 1220 2293 den
1237 2259 1416 2292 Todesfall
1434 2260 1558 2300 (1909),
1583 2270 1615 2302 p.
1633 2260 1695 2293 102
1703 2270 1754 2302 sq.

337 2314 376 2347 O.
393 2314 435 2347 G.
461 2313 588 2351 Bruns,
611 2313 740 2347 Kleine
757 2312 931 2346 Schriften
957 2314 992 2346 11
1016 2314 1110 2352 1880,
1135 2326 1167 2357 p.
1188 2314 1250 2348 192
1260 2324 1330 2356 sq.:
1359 2314 1425 2345 Die
1447 2313 1672 2347 Testamenta
1696 2312 1757 2347 der

338 2368 472 2409 griech.
495 2367 744 2409 Philosophen.
782 2367 827 2398 H.
852 2367 958 2406 Diels,
984 2368 1116 2401 Philos.
1141 2368 1243 2401 Aufs.
1274 2367 1372 2399 1887:
1409 2360 1507 2399 Uber
1529 2367 1586 2399 die
1604 2367 1755 2399 altesten

336 2419 723 2462 Philosophenschulen
750 2419 782 2452 d.
811 2419 995 2457 Griechen,
1020 2431 1052 2462 p.
1072 2420 1150 2458 239;
1177 2419 1411 2458 Parmenides,
1436 2430 1469 2461 p.
1488 2419 1560 2451 152.

466 2473 501 2516 3)
526 2473 679 2505 Maxime
709 2473 968 2505 observandum
1001 2477 1066 2510 est,
1104 2474 1199 2516 quod
1230 2474 1399 2506 Oroenert
1429 2472 1619 2514 (Wessely,
1654 2472 1754 2504 stud.

336 2535 399 2557 zur
422 2525 675 2568 Palaographie
699 2536 732 2558 n.
757 2526 1036 2568 Papyruskunde
1053 2527 1101 2559 VI
1118 2527 1234 2567 (1906)
1257 2527 1377 2567 84sq.)
1401 2525 1533 2567 profert
1556 2525 1599 2556 de
1623 2535 1755 2567 papyro

337 2578 432 2615 1780,
468 2588 557 2621 quae
591 2579 816 2621 amplectitur
848 2579 1009 2621 symbola
1040 2580 1181 2612 minime
1218 2578 1436 2621 neglegenda
1469 2577 1513 2610 ad
1543 2580 1755 2611 testamenta

338 2632 539 2667 accuratius
563 2632 771 2666 illustranda
796 2636 904 2675 atque
927 2633 1160 2676 percipienda.
