2138 3299
952 362 1222 403 -82-

372 492 457 532 tius
482 504 615 544 neque
639 490 814 531 Orellius
840 491 893 532 ad
918 490 1146 530 sententias
1172 493 1390 530 auctorum
1414 488 1687 541 epistularum
1710 490 1790 529 rite

372 557 642 609 capessendas
662 555 837 595 nimium
857 555 1006 594 afferre
1025 554 1237 607 potuerint
1256 554 1458 606 nobisque
1477 553 1530 595 ad
1548 554 1660 593 hunc
1678 553 1790 593 diem

370 624 528 660 restent
548 619 677 667 varia,
699 632 807 672 quae
826 619 1089 672 interpretari
1111 633 1195 659 non
1214 618 1429 671 possimus.
1470 617 1654 664 Accedit,
1676 618 1788 669 quod

371 684 531 724 codices
547 683 820 737 manuscripti
836 684 987 737 quibus
1002 688 1192 725 servatae
1206 687 1305 724 sunt
1320 685 1399 724 hae
1413 682 1627 735 epistulae,
1643 682 1789 723 eadem

371 749 574 801 praebent
599 750 763 795 menda,
791 753 839 788 ut
865 748 966 788 nihil
991 749 1075 788 fere
1100 750 1154 790 ad
1178 753 1345 788 textum
1368 747 1672 788 restituendum
1696 759 1788 798 pro-

372 813 575 853 ficiamus
629 814 831 854 Attamen
860 813 895 852 si
929 813 1167 865 respicimus
1194 825 1302 865 quae
1327 812 1586 864 protulerant
1615 809 1788 851 Allatius

372 882 416 917 et
441 878 614 918 Orellius
639 877 683 916 in
706 877 892 929 epistulis
917 877 980 915 his
1005 876 1347 922 eommmtandis,
1374 875 1495 917 hodie
1519 876 1573 917 ad
1597 874 1788 915 tenebras

371 942 570 983 levandas
589 941 808 992 permulta,
828 953 935 992 quae
952 940 1030 978 illis
1047 940 1145 979 viris
1163 940 1336 980 obscura
1355 939 1618 985 videbantur,
1637 939 1789 978 collata

371 1008 483 1050 sunt,
510 1003 731 1055 praecipue
757 1004 980 1055 Rudolpho
1007 1004 1189 1043 Hercher
1213 1007 1257 1042 et
1282 1002 1556 1044 Constantino
1583 1002 1721 1042 Ritter
1744 1001 1789 1040 in

369 1069 445 1107 has
478 1068 677 1119 epistulas
711 1067 1027 1119 inquirentibus
1097 1069 1206 1108 Nam
1239 1080 1332 1107 cum
1367 1067 1424 1106 illi
1458 1067 1523 1106 cui
1557 1066 1787 1107 tribuerent

368 1132 568 1184 epistulas
585 1145 670 1171 non
690 1132 940 1182 haberentl),
958 1133 1140 1173 Here-her
1155 1132 1199 1171 in
1213 1133 1392 1172 Hermae
1407 1135 1439 1173 t.
1457 1132 1551 1182 V12)
1566 1131 1788 1183 epistulam

371 1200 422 1237 35
444 1197 591 1237 datam
612 1209 700 1236 esse
723 1209 748 1236 a
774 1196 1004 1249 Speusippo
1028 1198 1078 1237 ad
1104 1197 1281 1237 Dionem
1303 1196 1468 1243 stat-uit,
1493 1209 1588 1236 cum
1609 1195 1788 1248 epistula

369 1274 477 1313 quae
503 1261 770 1313 subsequitur
798 1275 822 1300 a
850 1261 983 1301 Dione
1010 1263 1063 1301 ad
1092 1261 1369 1313 Speusippum
1397 1260 1521 1300 missa
1547 1260 1783 1312 fingeretur.

376 1325 513 1377 Quam
534 1324 731 1364 Hereheri
751 1324 1004 1364 sententiam
1025 1326 1146 1377 plane
1166 1324 1424 1378 comprobari
1446 1337 1530 1364 non
1549 1336 1667 1376 posse
1687 1336 1786 1363 mox

369 1389 706 1441 cognoscebatur.
764 1390 986 1431 Eduardus
1016 1389 1186 1441 Meyer⁸)
1215 1389 1437 1441 epistulam
1466 1392 1515 1428 36
1535 1402 1560 1427 a
1587 1388 1786 1439 Dionysio

369 1453 527 1493 minore
548 1453 718 1493 missam
738 1465 826 1493 esse
848 1453 949 1505 fingi
972 1454 1026 1494 ad
1051 1452 1327 1505 Speusippum
1349 1452 1649 1504 pronuntiavit.
1696 1453 1786 1491 Hoc

368 1517 567 1558 iudicium
581 1530 655 1569 pro
670 1530 769 1558 vero
783 1522 973 1557 constare
986 1530 1149 1564 censeo;
1170 1517 1214 1556 in
1227 1517 1307 1556 alia
1321 1521 1462 1556 autem
1474 1529 1518 1556 re
1530 1516 1785 1562 dissentitur,

369 1581 435 1620 cui
463 1581 688 1623 tribuenda
714 1581 770 1620 sit
797 1581 976 1632 epistula
1005 1585 1067 1627 35,
1097 1581 1340 1632 praesertim
1367 1593 1462 1620 cum
1490 1579 1786 1620 Constantinus

371 1645 510 1685 Ritter
526 1645 690 1697 copiose
706 1645 906 1685 disserens
924 1646 975 1687 de
990 1645 1176 1697 epistulis
1193 1658 1300 1697 quae
1316 1644 1480 1685 Platoni
1496 1649 1539 1684 et
1557 1643 1786 1696 Speusippo

372 1709 678 1756 adiudicantur,
695 1709 738 1748 in
751 1721 799 1748 eo
814 1710 931 1756 libro,
947 1709 1017 1761 qui
1033 1709 1204 1749 titulum
1219 1721 1317 1760 prae
1330 1721 1373 1747 se
1387 1709 1468 1747 fert
1483 1709 1626 1755 „Neue
1635 1707 1786 1748 Unter-

367 1774 609 1825 suehungen
628 1773 729 1814 iiber
750 1773 980 1820 Platon⁴)‚“
1001 1774 1135 1813 multa
1154 1773 1299 1813 melius
1320 1774 1371 1812 ad
1394 1772 1640 1824 Dionysium
1660 1785 1787 1824 quam

368 1837 422 1876 ad
440 1837 617 1877 Dionem
633 1837 791 1889 scripta
809 1837 939 1878 videri
957 1837 1183 1876 arbitratus
1200 1837 1266 1876 sit.
1303 1835 1448 1876 Finem
1463 1836 1565 1874 facit
1580 1835 1785 1888 quaestio-

367 1901 430 1940 nis
451 1901 615 1951 hunc⁶):
641 1902 803 1948 „Unter
824 1902 966 1943 diesen
985 1902 1250 1942 Umstanden
1269 1902 1383 1941 kann
1403 1900 1468 1939 ich
1490 1900 1606 1940 nicht
1627 1900 1784 1946 umhin,

369 1964 481 2005 mein
518 1965 737 2005 Endurteil
776 1965 904 2005 dahin
943 1965 1219 2017 abzugegben,
1260 1965 1343 2006 dass
1382 1964 1629 2004 vermutlieh
1669 1964 1787 2004 beide

369 2029 684 2076 Schriftstiicke,
708 2033 758 2070 35
778 2030 863 2071 und
885 2033 947 2076 36,
969 2043 1053 2070 von
1071 2031 1205 2071 denen
1223 2029 1362 2069 keines
1382 2042 1487 2081 ganz
1506 2028 1785 2081 befriedigend

365 2094 522 2133 erklart
546 2094 711 2134 werden
735 2095 861 2140 kann,
887 2094 1090 2145 gefalscht
1114 2094 1221 2140 sind,
1247 2107 1293 2132 so
1318 2093 1394 2132 wie
1419 2094 1493 2134 das
1518 2093 1563 2144 ja
1588 2093 1694 2132 auch
1720 2092 1786 2132 die

367 2157 608 2210 allgemeine
632 2151 933 2210 Uberzeugung
958 2159 1029 2199 der
1057 2159 1279 2199 Gelehrten
1301 2172 1353 2198 zu
1376 2158 1465 2197 sein
1487 2157 1659 2197 scheint.
1709 2157 1786 2196 Die

365 2223 581 2261 schwaehe
600 2222 868 2274 Mogliehkeit
885 2222 1015 2262 bleibt
1033 2223 1130 2262 aber
1149 2222 1256 2263 doch
1274 2223 1484 2269 bestehen‚
1505 2222 1587 2262 dass
1606 2221 1717 2262 Briel
1736 2224 1786 2261 35

497 2309 530 2348 1)
553 2308 684 2341 Nescio
708 2308 768 2350 qui
791 2308 953 2341 tribuerit
973 2308 1065 2341 hanc
1088 2308 1274 2351 epistulam
1291 2308 1470 2351 Aristippo
1487 2308 1690 2352 CyrenaicO,
1714 2317 1784 2340 non

365 2362 434 2394 alia
463 2372 571 2395 causa
601 2364 801 2396 commotus
828 2370 905 2395 esse
930 2360 1073 2394 videtur
1103 2362 1170 2394 nisi
1200 2361 1295 2405 quod
1325 2361 1472 2404 putabat
1502 2364 1683 2395 auctorem
1707 2370 1785 2394 esse

366 2415 518 2449 eundem
540 2419 649 2458 atque
673 2415 849 2458 epistulae
873 2414 968 2449 Socr.
984 2415 1004 2448 8
1027 2415 1150 2449 itidem
1173 2416 1300 2459 plenae
1322 2415 1587 2449 scommatibus.

495 2469 530 2510 2)
553 2479 634 2512 pag.
653 2470 705 2502 55.

494 2523 530 2564 3)
554 2522 680 2556 Gesch.
705 2522 738 2555 d.
763 2522 973 2562 Altertums‚
997 2523 1038 2561 V,
1062 2534 1095 2566 p.
1118 2523 1179 2556 531
1190 2524 1233 2556 Α.

493 2576 530 2618 4)
552 2575 715 2609 Monach.
743 2576 838 2614 1910,
867 2587 898 2619 p.
916 2577 1099 2609 327—424.
1131 2576 1186 2609 De
1216 2576 1377 2619 epistulis
1401 2576 1587 2610 Socraticis
1616 2576 1659 2609 35
1682 2579 1719 2608 et
1743 2575 1784 2608 36

364 2630 484 2674 agitur
505 2640 590 2673 pgg.
615 2629 801 2663 382—397.

493 2684 528 2725 5)
551 2695 583 2727 p.
603 2684 678 2716 397.
