2138 3299
963 401 1221 444 ..94-

518 530 669 571 Omnia
687 533 838 577 cetera,
864 543 972 583 quae
991 543 1054 583 ep.
1074 534 1125 571 36
1145 534 1535 578 commemorantur,
1561 530 1663 571 nihil
1688 531 1802 572 aliud

383 595 463 635 nisi
494 595 718 636 adversarii
749 595 965 635 cuiusdam
988 595 1311 638 obtrectationes
1334 595 1664 648 offensionesque
1687 599 1800 642 sunt,

383 671 562 711 quarum
597 658 775 711 epistula
812 672 920 712 quae
958 659 1180 707 antecedit,
1226 659 1480 701 mentionem
1515 659 1682 700 omnino
1718 672 1803 699 non

387 724 554 763 fecerat.

516 788 721 828 Omnibus
734 788 797 827 his
812 788 945 828 causis
960 801 1064 840 quas
1079 788 1234 830 adduxi
1248 800 1522 835 commoveor,
1538 792 1586 827 ut
1599 787 1802 839 epistulae

387 855 438 892 36
462 856 675 892 auctorem
698 852 743 891 in
765 865 936 892 numero
951 865 1094 892 eorum
1107 852 1347 893 habendum
1359 865 1446 892 esse
1460 852 1704 898 existimem,
1730 851 1801 903 qui

386 915 429 955 in
448 916 662 955 rhetorum
682 917 748 956 vel
770 916 1140 967 Peripateticorum
1159 915 1525 956 exercitationibus
1545 915 1683 955 conati
1702 919 1801 954 sunt

385 979 728 1020 Academicorum
747 979 897 1021 studiis
915 979 1067 1032 eisque,
1089 979 1160 1032 qui
1180 979 1258 1019 illis
1277 983 1510 1032 praeerant,
1530 992 1658 1032 quam
1676 978 1800 1031 pluri-

383 1056 500 1084 mum
527 1044 775 1084 obtrectare.
837 1044 945 1083 Hinc
975 1047 1149 1095 apparet
1177 1044 1558 1095 epistolographum
1586 1043 1800 1083 Academi-

383 1120 526 1147 corum
542 1112 586 1147 et
604 1107 840 1148 doctrinam
856 1112 900 1148 et
918 1112 1140 1160 praecepta
1158 1112 1286 1160 atque
1303 1107 1499 1147 instituta
1514 1106 1616 1147 satis
1635 1106 1801 1160 cognita

383 1171 588 1212 habuisse.

523 1236 681 1288 Quibus
710 1236 833 1277 rebus
863 1236 1102 1276 constitutis
1133 1239 1320 1275 auctores
1349 1235 1621 1286 epistularum
1649 1235 1799 1287 quibus

383 1299 446 1338 usi
475 1299 559 1338 sint
588 1299 774 1340 fontibus
803 1300 958 1351 quique
984 1299 1243 1351 reperiantur
1270 1299 1348 1339 loci
1376 1298 1527 1338 similes
1557 1300 1666 1350 apud
1697 1298 1798 1338 alios

381 1363 601 1415 scriptores
624 1368 796 1410 veteres,
821 1363 1143 1416 perquirendum
1164 1368 1240 1405 est.
1285 1363 1569 1415 Comperimus
1590 1375 1614 1402 e
1636 1363 1799 1402 Plutar-

382 1428 495 1477 cho¹)
519 1428 697 1468 traditas
721 1440 808 1468 esse
831 1428 1030 1480 epistulas
1055 1440 1150 1467 cum
1177 1427 1395 1480 Speusippi
1418 1431 1511 1467 tum
1536 1427 1720 1467 Platonis
1745 1427 1798 1467 ad

385 1491 562 1532 Dionem
590 1492 735 1532 missas
767 1493 866 1543 (vid.
897 1492 1026 1532 etiam
1056 1492 1173 1544 Diog.
1206 1493 1252 1533 L.
1283 1492 1344 1531 IV
1360 1494 1414 1541 5),
1444 1491 1595 1543 quibus
1624 1495 1799 1542 uterque

382 1556 677 1596 amicissimum
690 1569 813 1597 suum
826 1556 1072 1598 familiarem
1086 1556 1345 1603 adhortatur,
1357 1559 1404 1595 ut
1419 1559 1564 1596 caveat
1582 1556 1799 1595 αὐθάδειαν

381 1624 425 1659 et
450 1623 685 1673 σεμνότητα;
717 1625 844 1672 atque
866 1633 962 1660 cum
989 1625 1167 1671 utraque
1193 1620 1371 1671 epistula
1400 1632 1485 1659 non
1507 1620 1630 1660 modo
1655 1619 1798 1658 Dionis

385 1697 518 1724 mores
549 1689 677 1736 atque
706 1685 863 1725 indoles
893 1687 1279 1729 commemorentur,
1309 1684 1382 1724 sed
1410 1683 1538 1722 etiam
1568 1683 1661 1729 alia,
1692 1694 1799 1734 quae

384 1752 562 1800 utraque
585 1748 764 1799 epistula
788 1748 993 1799 leguntur,
1020 1759 1172 1798 magna
1195 1759 1248 1786 ex
1271 1750 1391 1798 parte
1415 1747 1468 1787 ad
1492 1746 1667 1786 verbum
1691 1745 1798 1784 inter

382 1823 427 1850 se
445 1811 720 1858 consentiant,
753 1824 838 1850 non
865 1811 1014 1852 dubito
1034 1823 1129 1850 cum
1149 1810 1347 1859 Ritter02)
1376 1809 1598 1862 epistulam
1616 1813 1640 1849 4
1660 1809 1797 1848 Plato-

381 1876 519 1915 nicam
545 1875 774 1927 Speusippo
799 1875 1047 1916 adiudicare.
1103 1875 1239 1926 Quam
1262 1874 1317 1913 ob
1339 1886 1427 1912 rem
1449 1874 1577 1913 etiam
1601 1874 1797 1919 adducor,

382 1944 430 1979 ut
470 1939 686 1991 utriusque
725 1939 928 1991 epistulae
976 1942 1188 1979 auctorem
1237 1941 1301 1988 (ut
1340 1937 1469 1977 etiam
1509 1937 1797 1987 Plutarchum)

384 2003 602 2055 Speusippi
617 2004 670 2043 ad
680 2003 857 2043 Dionem
869 2003 1092 2054 epistulam
1105 2015 1190 2041 non
1202 2001 1386 2053 spuriam
1399 2001 1624 2053 inspexisse
1637 2004 1794 2052 putem.

381 2135 526 2165 coactus
542 2135 596 2164 est
612 2132 787 2164 curriculo
804 2132 840 2163 in
858 2131 1086 2164 Academiam
1103 2130 1196 2167 vehi,
1213 2129 1386 2162 illuditur.
1403 2149 1450 2154 —
1474 2129 1683 2172 Geryoneus
1704 2129 1798 2161 bono

380 2185 456 2217 iure
479 2195 535 2228 ep.
554 2186 596 2217 35
628 2186 834 2217 nominatur
862 2200 896 2206 -
929 2184 1041 2216 forma
1071 2184 1149 2216 eius
1180 2186 1255 2216 erat
1284 2184 1414 2226 triceps
1436 2182 1615 2226 (Apollod.
1642 2183 1672 2219 2,
1685 2182 1716 2220 5,
1731 2181 1797 2221 10),

381 2238 604 2272 Stesichorus
627 2250 709 2272 eum
734 2242 840 2272 vocat
863 2239 1084 2271 seximanum
1110 2241 1146 2269 et
1168 2236 1420 2280 decempedem
1448 2236 1508 2278 (cf.
1533 2236 1701 2273 Roscher,
1724 2235 1753 2269 Ι.
1766 2236 1798 2269 2.

382 2292 480 2333 1630)
510 2310 546 2316 -
574 2292 637 2325 sed
662 2293 780 2324 minus
797 2295 879 2334 apte
902 2292 937 2322 in
961 2301 1014 2333 ep.
1033 2291 1077 2324 36
1092 2291 1135 2322 ab
1151 2290 1437 2334 epistolographo
1452 2290 1620 2322 Briareus
1636 2288 1797 2321 adiectus

380 2350 436 2378 est
457 2345 503 2378 ad
525 2346 673 2378 ironiam
689 2345 900 2388 augendam,
924 2345 986 2386 qui
1000 2345 1208 2387 cogitaverit
1233 2344 1277 2377 de
1299 2344 1378 2377 loco
1399 2343 1559 2376 Platonis
1580 2342 1798 2386 Euthydemi

380 2409 414 2441 p.
431 2398 542 2439 2990,
566 2398 626 2431 ubi
650 2398 814 2431 Briareus
837 2408 908 2430 una
930 2407 1011 2430 cum
1027 2397 1213 2441 Geryoneo
1236 2399 1458 2440 comparatur
1481 2406 1562 2429 cum
1585 2395 1699 2428 milite
1721 2405 1797 2437 per-

380 2452 503 2486 multis
526 2453 634 2484 armis
649 2455 757 2494 atque
780 2451 862 2485 telis
877 2454 1069 2494 pugnante.
1094 2451 1207 2494 Epist.
1225 2451 1266 2484 36
1289 2453 1420 2491 autem,
1444 2460 1525 2484 cum
1547 2459 1662 2482 sermo
1685 2449 1734 2482 sit
1752 2448 1796 2481 de

380 2506 543 2538 manibus
566 2508 604 2537 et
626 2504 774 2547 pedibus
799 2505 939 2544 Briarei,
963 2504 1056 2547 apud
1078 2508 1217 2536 veteres
1233 2505 1422 2546 scriptores
1437 2503 1487 2535 nil
1505 2501 1601 2534 aliud
1623 2501 1798 2533 indicatur

380 2559 450 2592 nisi
472 2567 555 2591 eum
585 2559 621 2590 in
646 2567 794 2591 numero
818 2558 1083 2591 centimanuum
1112 2557 1231 2600 fuisse,
1261 2557 1389 2599 quibus
1412 2555 1667 2599 quinquaginta
1697 2557 1797 2587 erant

380 2613 508 2655 capita,
529 2611 593 2645 sed
616 2611 660 2644 de
684 2611 832 2654 pedibus
851 2613 958 2644 etiam
982 2612 1141 2654 pluribus
1165 2611 1261 2644 nulla
1285 2609 1392 2643 verba
1415 2610 1575 2652 legimus.

513 2667 544 2707 1)
567 2665 690 2699 Moral.
716 2676 750 2708 p.
767 2665 858 2698 70A.

509 2721 543 2762 2)
568 2731 646 2763 pag.
665 2719 741 2754 378.
