2138 3299
865 377 1131 416 —29—

289 507 530 557 Dionysium
562 507 753 546 maiorem
785 507 1101 558 intellegendum
1125 517 1213 546 esse
1226 507 1269 554 1).
1301 507 1333 546 E
1353 508 1483 547 verbis
1504 509 1698 558 epistulae

293 571 340 610 10
383 570 586 623 (Αἰσχίνης
621 569 897 623 Ἀριστίππῳ);
945 571 1099 624 ἔγραψα
1144 572 1211 623 μὲν
1257 572 1325 609 καὶ
1359 570 1537 611 Πλάτωνι
1572 585 1698 624 παρα·

288 636 420 675 καλῶν
454 638 558 682 ὅπως
593 636 866 687 διαπράξησθε
912 637 1092 687 σωθῆναι
1131 637 1216 681 τοὺς
1250 635 1423 686 Λοκροὺς
1460 637 1696 685 νεανίσκους,

287 701 356 738 καὶ
386 701 446 738 σοὶ
474 701 517 738 δὲ
545 702 593 739 τὰ
623 702 720 739 αὐτὰ
749 701 983 739 ἐπιστέλλων
1013 702 1085 751 οὐχ
1113 700 1348 751 ἁμαρτάνειν
1377 701 1481 751 οἶμαι
1515 706 1697 752 apertum

288 774 377 803 esse
415 764 569 804 videtur
616 764 906 815 philosophum
944 764 1209 816 Cyrenaicum
1256 764 1406 803 maiore
1453 776 1569 803 usum
1608 776 1698 804 esse

288 828 521 867 auctoritate
568 828 677 878 apud
718 827 962 879 Dionysium
1011 828 1192 875 Platone,
1242 839 1331 867 cum
1375 829 1619 879 respondeat
1658 829 1698 867 in

288 892 458 943 epistula
499 892 762 943 subsequenti
803 891 1056 944 (Αρίστιππος
1094 891 1299 944 Αἰσχίνῃ)ε
1341 886 1593 943 Λυθνὴἀονται
1632 899 1699 938 τᾶς

288 957 465 1007 φυλακᾶς
500 958 535 995 οἱ
563 957 769 1004 νεανίσκοι,
806 959 894 1008 περὶ
929 959 980 996 ὧν
1011 971 1072 1009 μοι
1094 958 1259 1008 ’γράφεις
1294 957 1329 995 οἱ
1364 956 1522 1008 Λοκροί,
1559 959 1626 995 καὶ
1655 959 1698 995 οὐ

288 1021 537 1068 τεθνάξονται
557 1022 646 1061 οὐδὲ
666 1022 869 1061 ἀπολοῦντί
888 1036 921 1060 τι
940 1028 1013 1061 τῶν
1034 1022 1257 1074 χρημάτων,
1278 1022 1438 1072 ἥκοντες
1457 1035 1501 1073 γε
1516 1023 1698 1073 παραυτά

288 1091 353 1123 τοῦ
382 1086 527 1132 θ-ανεῖν,
558 1086 605 1125 cf.
634 1086 751 1125 etiam
773 1097 836 1136 ep.
858 1087 919 1126 23.
950 1085 1155 1136 Epistulae
1176 1086 1226 1125 22
1256 1086 1502 1137 scriptorem,
1532 1087 1601 1136 qui
1630 1087 1696 1126 illa

288 1153 430 1197 aetate,
467 1160 547 1200 qua
576 1149 752 1190 Socratis
789 1150 971 1190 nondum
1009 1150 1078 1189 diu
1108 1150 1254 1190 mortui
1284 1150 1402 1191 amici
1439 1150 1697 1190 consuetudi-

289 1224 381 1253 nem
420 1214 597 1264 agebant
633 1225 723 1253 cum
763 1213 941 1260 Euclide,
989 1213 1197 1253 Platonem
1238 1214 1317 1252 iarn
1355 1214 1395 1252 in
1433 1214 1540 1252 Italia
1577 1218 1698 1264 atque

288 1276 422 1316 Sicilia
459 1288 608 1328 magna
646 1277 769 1317 fuisse
807 1277 1038 1317 auctoritate
1068 1277 1280 1328 eloquitur,
1317 1288 1408 1316 cum
1440 1288 1479 1316 re
1508 1288 1599 1317 vera
1629 1277 1699 1317 iter

289 1341 461 1392 primum
492 1342 706 1381 confecerit
741 1353 776 1381 a.
796 1342 888 1389 388,
926 1352 1076 1381 errasse
1105 1341 1248 1381 Obens
1278 1342 1434 1381 monuit
1464 1344 1520 1392 (p.
1541 1342 1622 1390 29).
1652 1365 1697 1369 —

287 1405 327 1444 ln
369 1406 539 1456 epistula
573 1406 624 1444 26
665 1406 900 1456 philosophi
948 1417 1038 1445 cum
1081 1405 1281 1457 Dionysio
1320 1417 1414 1456 rege
1453 1406 1697 1446 familiaritas

289 1469 448 1509 effertur
475 1470 598 1519 (certo
629 1470 820 1517 minore);
859 1469 1028 1521 epistula
1058 1480 1162 1520 quae
1190 1469 1449 1520 subsequitur
1478 1468 1693 1516 PhaedruS,

291 1534 355 1572 ille
376 1534 553 1573 Platonis
582 1534 863 1579 amicissimus,
893 1534 943 1573 de
973 1535 1079 1573 illius
1108 1534 1315 1574 itineribus
1344 1534 1462 1573 verba
1491 1534 1595 1581 facit,
1625 1534 1694 1584 qui

287 1597 518 1648 πορρωτέρω
548 1598 761 1649 ἀποδημεῖν
792 1597 1017 1649 ἐμέλλησεν.
1048 1597 1229 1648 Epistula
1249 1597 1300 1636 28
1330 1597 1498 1647 pertinet
1527 1598 1578 1636 ad
1608 1597 1693 1636 Pla-

287 1662 395 1700 tonis
415 1661 486 1700 iter
503 1662 543 1700 in
560 1660 789 1712 Aegyptum
805 1662 953 1701 factum
962 1660 1005 1710 ²),
1028 1661 1078 1701 de
1094 1672 1177 1711 quo
1197 1661 1294 1700 varii
1313 1661 1525 1711 scriptores
1543 1666 1695 1701 veteres

289 1724 478 1764 referunt:
518 1725 579 1764 sin
611 1725 728 1764 etiam
767 1724 936 1764 concedi
966 1727 1124 1776 oportet
1153 1724 1232 1764 iam
1270 1724 1360 1763 illos
1390 1724 1439 1763 ad
1469 1724 1694 1775 peregrina-

287 1789 419 1828 tiones
447 1788 625 1828 Platonis
661 1789 915 1828 exornandas
952 1789 1076 1828 multa
1112 1788 1384 1837 adfinxisse2),
1430 1789 1574 1827 eodem
1613 1789 1696 1827 iure

288 1863 371 1892 non
412 1851 671 1892 infitiabimur
706 1862 799 1892 eum
837 1863 876 1892 re
913 1862 1003 1892 vera
1040 1862 1110 1892 eas
1147 1862 1250 1903 quae
1289 1851 1548 1892 nominantur
1575 1853 1697 1892 terras

287 1917 482 1962 visitasse,
512 1917 742 1966 praesertim
773 1927 864 1955 cum
894 1917 935 1955 in
965 1916 1143 1955 Platonis
1172 1917 1293 1963 libriS,
1325 1921 1366 1955 ut
1395 1917 1435 1955 in
1462 1916 1629 1955 Timaeo
1658 1921 1697 1956 et

289 1980 328 2019 in
359 1979 547 2030 Legibus,
578 1979 701 2020 multa
730 1980 809 2019 sint
838 1980 986 2030 quibus
1015 1991 1108 2019 eum
1140 1980 1179 2019 in
1209 1979 1437 2032 Aegyptum
1469 1980 1695 2031 peregrina-

286 2046 370 2083 tum
401 2044 549 2083 afuisse
579 2044 843 2083 confirmetur.
1342 2043 1370 2049 ”

549 2163 608 2201 10.
644 2162 712 2202 De
742 2161 1036 2213 Speusippo
1066 2166 1113 2201 et
1140 2161 1436 2202 Xenocrate.

415 2236 476 2276 De
506 2236 687 2276 Phaedro
725 2237 805 2276 alio
842 2237 934 2277 loco
956 2236 1224 2296 ¹disseremus.
1276 2236 1423 2284 Restat,
1463 2240 1505 2277 ut
1539 2236 1590 2276 de
1626 2237 1695 2283 eis,

287 2301 356 2352 qui
393 2301 549 2341 Platoni
588 2306 868 2342 successerunt
904 2302 943 2341 in
979 2301 1196 2342 Academia
1231 2301 1421 2352 regenda,
1462 2300 1695 2352 Speusippo

423 2431 454 2469 l)
480 2429 640 2471 Epistula
667 2431 710 2462 24
740 2430 896 2462 Platonis
926 2439 1006 2462 cum
1029 2430 1184 2472 Archyta
1210 2429 1458 2461 familiaritatis
1486 2429 1617 2461 mentio
1641 2428 1694 2464 fit,

285 2482 329 2515 de
353 2494 420 2525 qua
449 2482 531 2514 alibi
554 2493 694 2525 quoque
725 2483 894 2515 nonnulla
925 2483 1087 2524 legimus,
1114 2483 1157 2518 cf.
1183 2482 1222 2514 E.
1248 2482 1457 2518 Wellmann‚
1486 2481 1621 2514 PWRE
1646 2481 1691 2512 II.

285 2548 317 2579 p.
335 2539 401 2570 600
427 2547 453 2569 s.
479 2537 653 2580 Archytas
677 2539 697 2570 3
723 2541 759 2570 et
783 2537 939 2569 Platonis
962 2537 1131 2579 epistulas
1156 2537 1176 2569 9
1201 2540 1238 2568 et
1266 2538 1315 2569 12.

415 2592 449 2632 2)
473 2590 570 2630 Quae
584 2594 750 2623 constant
769 2590 812 2624 de
824 2591 983 2623 Platonis
1002 2590 1195 2627 itineribus,
1214 2590 1285 2622 vid.
1307 2583 1691 2632 Uberweg-Praeehter,

285 2643 409 2676 Gesch.
439 2644 469 2676 d.
491 2645 618 2677 Philos.
643 2645 703 2681 1¹⁰,
728 2656 761 2687 p.
787 2645 860 2678 128.
887 2644 949 2677 Th.
968 2644 1153 2687 Gomperz,
1177 2643 1314 2677 Griech.
1333 2644 1487 2681 Denker.
1511 2643 1575 2680 11³,
1596 2642 1690 2677 1912,

285 2709 317 2740 p.
333 2699 410 2737 209,
427 2698 504 2729 adn.
524 2709 556 2740 p.
572 2700 648 2734 559,
674 2699 841 2740 imprimis
856 2702 974 2730 autem
994 2698 1048 2730 W.
1064 2699 1190 2735 Christ,
1215 2698 1454 2739 Sitzuugsber.
1473 2697 1507 2729 d.
1525 2695 1688 2728 Mfinchn.
