2138 3299
923 283 1213 322 ‘—55—

369 424 464 451 cum
482 412 709 463 Epicur01),
736 413 1014 463 conscriptam
1039 424 1126 450 esse
1151 423 1211 450 ca.
1240 422 1396 449 annum
1423 412 1499 448 200
1518 422 1553 448 a.
1571 409 1662 449 chr.
1678 413 1781 455 nat,

371 476 587 528 Hermippi
606 480 758 522 aetate,
777 476 998 522 concludit,
1017 475 1090 514 sed
1108 474 1323 526 posteriori
1341 474 1471 513 aetati
1489 486 1582 513 earn
1601 472 1781 512 tribuen-

369 541 466 580 dam
485 554 572 580 esse
592 541 796 580 Obensius
816 540 1084 590 probabiliter
1102 540 1300 588 statuit2).
1341 539 1499 578 Eodem
1519 538 1637 584 libro,
1658 550 1782 589 quern

368 605 508 651 citavi,
524 606 717 645 Croenert
733 604 914 643 ostendit
930 616 1071 642 omnes
1084 604 1312 642 sententias
1326 607 1367 642 et
1381 607 1517 649 notas,
1533 615 1640 654 quae
1655 606 1781 641 testa-

369 671 518 709 mentis
543 669 908 720 consignabantur,
934 669 976 708 in
1002 669 1078 707 hac
1104 668 1281 719 epistula
1305 667 1482 718 reperiri.
1535 667 1634 706 Mihi
1658 667 1781 706 liceat

369 735 445 772 hoc
466 734 555 773 loco
576 734 630 772 ad
649 746 710 779 ea,
732 746 839 784 quae
859 733 1103 783 composuit,
1125 732 1285 771 adicere
1305 744 1412 782 quae
1431 731 1580 770 similia
1598 735 1780 770 contem-

369 798 524 848 planda
553 797 647 836 sint.
710 797 935 836 Afferenda
965 797 1131 836 videtur
1161 796 1368 835 sententia
1398 796 1567 847 Epicuri
1597 795 1671 845 frg.
1706 797 1780 834 217

369 862 539 907 Usener,
563 865 610 900 ut
633 861 772 906 etiam,
796 861 907 912 quod
929 860 1161 899 Aristotelis
1185 860 1424 910 designatur
1446 863 1699 898 testamento
1723 861 1777 909 (p.

368 928 443 964 202
453 925 603 972 Bruns,
620 925 736 976 Diog.
747 926 924 975 L.V11):
948 927 1044 966 εἶναι
1059 927 1101 965 δὲ
1116 927 1183 965 καὶ
1198 925 1450 978 Ἀμβρακίδα
1466 925 1694 975 ἐλευθέραν,
1711 926 1780 963 καὶ

368 991 499 1029 δοῦναι
519 992 630 1041 αὐτῇ,
658 992 749 1029 ὅταν
770 991 796 1041 ἡ
816 996 905 1037 παῖς
933 991 1098 1041 ἐκδοθῇ,
1128 990 1385 1036 πεντακοσίας
1415 991 1594 1040 δραχμὰς
1622 991 1689 1027 καὶ
1709 990 1779 1039 τὴν

367 1055 591 1105 παιδίσκην,
611 1056 659 1105 ἣν
680 1057 761 1106 ἔχει
779 1054 832 1093 ad
841 1055 958 1104 epist.
973 1054 1082 1092 Socr.
1100 1055 1147 1102 §2
1163 1056 1252 1104 περὶ
1272 1055 1323 1093 ὢν
1345 1055 1387 1092 δέ
1408 1055 1562 1104 ἔκρινας
1581 1053 1665 1092 τίνα
1685 1052 1780 1100 ἕξεις

366 1119 476 1170 τιμὴν
506 1118 568 1157 ὑπ’
604 1120 696 1170 ἐμοῦ
725 1118 1079 1170 ἠλευθερωμένους,
1116 1119 1151 1157 οἳ
1179 1119 1246 1156 καὶ
1276 1118 1409 1169 ἔλεγον
1436 1117 1696 1168 Ἀριστίππου
1725 1118 1779 1168 μὴ

368 1184 640 1235 ἀποχωρήσειν
659 1214 666 1221 .
685 1214 692 1221 .
712 1214 719 1221 .
736 1184 934 1235 περιέσται
953 1185 1028 1235 γὰρ
1050 1185 1175 1229 αὐτοῖς
1195 1184 1241 1222 ἐκ
1261 1188 1328 1233 τῆς
1349 1184 1444 1235 ἐμῆς
1464 1183 1590 1235 βιοτῆς
1611 1183 1663 1234 μὴ
1685 1183 1781 1221 εἶναι

366 1253 512 1293 κακοῖς,
534 1247 599 1285 Ad
614 1251 778 1285 textum
793 1247 1097 1285 emendandum
1113 1248 1191 1298 ἤδη
1208 1247 1437 1298 ἐλευθέρους
1452 1245 1639 1283 conferas
1655 1245 1779 1284 velim

366 1311 506 1357 verba,
529 1324 636 1362 quae
656 1311 848 1362 leguntur
867 1311 910 1350 in
931 1311 1204 1361 Theophrasti
1225 1310 1541 1350 testamentaria
1561 1310 1779 1349 voluntate

367 1377 420 1424 (p.
433 1375 689 1423 213Bruns):
707 1382 781 1414 τῶν
798 1377 840 1414 δὲ
855 1376 1003 1414 παίδων
1018 1376 1185 1414 Μόλωνα
1199 1377 1267 1427 μὲν
1283 1377 1350 1413 καὶ
1366 1375 1524 1426 Τίμωνα
1540 1376 1607 1413 καὶ
1623 1374 1777 1425 Παρμέ-

365 1453 489 1486 νοντα,
519 1441 597 1491 ἤδη
628 1440 868 1491 ἐλευθέρους,
899 1441 1047 1492 ἀφίημι.
1078 1440 1275 1478 Constare
1295 1439 1421 1488 igitur
1441 1438 1607 1477 videtur
1622 1438 1776 1488 epistu—

366 1503 429 1541 lae
449 1503 604 1541 Socrat.
625 1507 835 1541 auctorem
852 1503 1019 1553 Epicuri
1034 1506 1333 1541 testamentum
1349 1502 1511 1541 novisse
1526 1524 1579 1530 ——
1593 1506 1776 1540 ceterum

365 1566 623 1617 Aristippum
654 1567 1011 1606 testamentariam
1041 1566 1302 1605 voluntatem
1333 1566 1609 1616 composuisse
1633 1578 1657 1603 a
1680 1578 1778 1604 vero

365 1643 447 1668 non
469 1631 661 1669 abhorret
681 1653 734 1658 ——
752 1643 885 1682 neque
905 1631 1047 1680 negari
1065 1633 1202 1680 potest
1222 1630 1338 1669 illum
1356 1630 1411 1668 ad
1430 1630 1652 1680 epistulam
1671 1630 1777 1667 hanc

365 1694 704 1735 conscribendam
723 1695 850 1734 etiam
870 1695 951 1734 alia
969 1698 1223 1734 testamenta
1241 1694 1508 1740 convertisse;
1531 1694 1631 1745 quin
1650 1693 1777 1733 etiam

365 1759 518 1810 quippe
535 1759 586 1797 de
603 1759 761 1797 familia
777 1762 819 1797 et
837 1759 1096 1809 philosophia
1112 1759 1304 1797 certiores
1321 1771 1395 1797 nos
1412 1758 1568 1804 fecerit,
1587 1758 1777 1809 epistolo-

364 1824 568 1873 graphum
588 1823 788 1874 Aristippi
808 1827 1107 1862 testamentum
1126 1836 1209 1862 non
1227 1823 1413 1874 spurium
1433 1823 1667 1862 adhibuisse
1686 1835 1777 1873 pro-

366 1887 502 1926 babile
530 1888 706 1926 videtur.

497 1951 654 1990 Eodem
691 1952 778 1990 iure
816 1952 1136 2002 perquirendum
1173 1956 1249 1996 est,
1287 1964 1388 1990 num
1425 1951 1609 2001 epistulis
1649 1953 1697 1989 32
1713 1963 1773 2000 sq.

365 2018 665 2053 testamentum
691 2015 902 2066 quoddam
928 2015 1142 2054 subditum
1169 2015 1304 2053 fuerit.
1359 2014 1549 2065 Legimus
1575 2014 1616 2052 in
1643 2026 1704 2064 ep.
1726 2016 1775 2053 32

363 2080 482 2117 haec:
515 2082 559 2118 σὲ
588 2082 675 2129 περὶ
695 2081 867 2125 πλείονος
887 2081 1109 2130 ποιούμενος
1139 2082 1207 2126 (se.
1232 2080 1381 2126 Plato),
1406 2080 1591 2118 τελευτῶν
1611 2081 1674 2117 τὸν
1695 2080 1773 2130 βίον

364 2144 643 2194 ἐμαρτύρησεν.
668 2143 869 2193 ἐπέσκηψε
888 2145 963 2194 γὰρ
984 2150 1101 2181 πᾶσιν
1122 2143 1211 2195 ἡμῖν
1231 2149 1307 2188 τοῖς
1326 2143 1489 2190 οἰκείοις,
1511 2145 1557 2181 ἄν
1577 2156 1611 2180 τι
1625 2143 1772 2192 πάθης,

363 2209 457 2258 πρὸς
486 2208 621 2245 ἑαυτὸν
651 2208 777 2245 θεῖναί
807 2221 862 2245 σε.
900 2207 1013 2244 Haec
1031 2206 1158 2244 verba
1174 2207 1207 2243 si
1224 2206 1359 2244 minus
1376 2218 1427 2244 ex
1444 2205 1629 2244 Platonis
1646 2205 1773 2255 ipsius

363 2270 678 2309 testamentaria
694 2270 910 2309 voluntate
927 2270 1113 2321 profecta
1128 2274 1239 2315 sunt,
1259 2274 1398 2309 tamen
1416 2270 1562 2309 testari
1579 2269 1775 2309 videntur

363 2334 563 2384 epistulae
586 2338 796 2372 auctorem
819 2338 1117 2373 testamentum
1141 2335 1308 2385 aliquod
1330 2335 1568 2384 inspexisse,
1593 2347 1774 2384 praeser-

493 2441 524 2481 1)
547 2451 579 2482 p.
597 2440 654 2473 86:
679 2439 752 2472 Das
763 2440 971 2472 Testament
994 2440 1056 2472 des
1078 2440 1296 2482 Theophrast
1309 2441 1423 2481 (1288)
1447 2441 1509 2473 hat
1533 2440 1691 2473 deutlich
1715 2440 1776 2472 auf

362 2493 425 2525 das
449 2493 510 2526 des
526 2493 658 2535 Epikur
680 2494 797 2535 (1270)
812 2494 1020 2536 eingewirkt,
1033 2493 1106 2525 und
1121 2493 1200 2525 dem
1219 2494 1417 2535 Aristippos
1433 2495 1479 2526 ist
1502 2494 1610 2526 sehon
1635 2494 1670 2524 in
1687 2493 1776 2525 alter

364 2546 444 2578 Zeit
469 2547 526 2579 ein
547 2546 755 2579 Testament
779 2548 815 2578 in
840 2546 1026 2579 Briefform
1046 2547 1352 2589 untergeschoben
1376 2547 1529 2580 worden.

492 2600 526 2640 2)
550 2599 594 2632 cf.
620 2610 709 2642 quae
730 2599 979 2634 animadvertit
1002 2600 1120 2634 Obens
1145 2610 1228 2644 pgg.
1255 2601 1304 2634 54.
1323 2601 1375 2634 56.
