2138 3299
860 300 1151 340 -107—

431 428 601 468 Dictum
639 428 704 467 vel
742 428 1021 481 apopthegma
1057 428 1206 479 illud1),
1247 429 1359 480 quod
1390 428 1535 468 attulit
1564 431 1710 468 auctor

296 492 497 544 epistulae
527 496 714 533 extrema
738 497 868 545 parte,
902 506 987 532 non
1010 492 1187 544 pessimo
1220 492 1325 532 fonti
1358 494 1505 534 debere
1529 492 1706 534 videtur.

298 556 457 597 Ultima
479 555 657 608 denique
684 557 812 597 verba
839 559 907 597 ἐὰν
936 559 979 597 δὲ
1006 560 1054 597 τὰ
1083 558 1184 597 ἄλλα
1210 558 1478 609 σωφρονήσῃς,
1507 558 1619 609 κάγώ
1650 572 1710 597 σοι

296 716 367 739 non
389 709 541 747 constat,
564 716 651 739 num
676 706 893 750 Speusippus
916 706 1125 750 compluries
1146 707 1181 739 in
1199 706 1351 741 Siciliam
1373 709 1617 752 peregrinatus
1639 710 1707 749 sit3

296 761 340 793 de
363 761 429 794 hac
451 771 489 793 re
512 760 556 794 cf.
579 760 627 793 M.
645 760 687 793 A.
705 760 858 800 Fischer,
881 760 936 793 De
960 759 1146 803 Speusippi
1169 761 1253 802 vita,
1278 772 1311 804 p.
1329 761 1380 794 23.
1412 762 1536 800 Zeller,
1561 763 1649 795 Phil.
1675 763 1708 795 d.

295 814 434 847 Griech.
466 814 543 847 IIa⁴
566 824 599 857 p.
617 814 679 847 987
711 813 790 847 adn.
838 814 953 846 Immo
984 823 1068 847 vero
1101 814 1312 858 Dionysium
1343 818 1381 848 et
1408 815 1643 860 Speusippum
1672 817 1708 848 in

295 867 436 900 Italiam
461 867 567 900 simul
591 866 768 910 profectos
791 878 868 901 esse
892 878 963 900 non
987 867 1280 900 verisimillimum
1305 868 1457 902 videtur.

427 942 460 983 1)
484 941 563 975 Hoc
582 942 731 975 inseruit
745 945 879 980 auctor,
897 944 941 975 ut
955 942 1067 976 Jonas
1081 945 1133 985 (et
1148 942 1409 986 Athenienses),
1434 944 1494 986 qui
1510 944 1554 977 ab
1570 944 1709 987 ephoris

296 995 656 1028 Lacedaemoniorum
677 995 920 1034 traducuntur,
948 996 1123 1029 illuderet.
1172 996 1331 1029 Similem
1359 998 1592 1030 narrationem
1614 997 1709 1039 apud

300 1049 488 1093 scriptores
509 1049 721 1092 posteriores
736 1049 885 1081 inveniri
905 1049 976 1081 iam
990 1049 1142 1081 Allatius
1156 1049 1422 1084 observaverat:
1446 1049 1599 1092 legimus
1615 1049 1710 1093 apud

295 1103 524 1135 Plutarchum
547 1102 684 1142 (Moral.
701 1112 735 1143 p.
752 1102 851 1134 232F
873 1104 1057 1145 ἀποφθέγμ.
1083 1102 1203 1135 Δακων.
1219 1102 1310 1139 nidos.
1336 1104 1406 1143 13):
1431 1103 1519 1135 Χίων
1540 1106 1617 1136 ποτὲ
1641 1104 1707 1136 κατ’

295 1158 458 1199 ἐπιδημίαν
479 1157 542 1188 ἀπὸ
564 1157 690 1188 δείπνου
704 1157 884 1195 ἐμεσάντων
908 1157 942 1188 ἐν
957 1158 1003 1198 τῷ
1019 1156 1169 1197 ἐφορείῳ,
1191 1156 1242 1188 καὶ
1252 1158 1418 1196 χεσάντων
1432 1157 1482 1188 ἐπεὶ
1497 1160 1561 1188 τῶν
1576 1158 1708 1198 δίφρων,

295 1210 375 1243 ἔνθα
399 1211 429 1243 οἱ
452 1210 565 1252 ἔφοροι
589 1211 753 1252 ἐκάθηντο,
776 1210 813 1242 τὸ
830 1210 889 1249 μὲν
911 1212 1035 1251 πρῶτον
1060 1210 1199 1250 ἰσχυρῶς
1220 1210 1389 1253 ἀνεζήτουν
1413 1210 1488 1243 τοὺς
1509 1212 1707 1253 ποιήσαντας,

292 1265 338 1304 μὴ
360 1263 482 1296 πολῖται
506 1264 702 1305 τυγχάνωσιν
715 1274 722 1281 ·
737 1263 783 1296 ὡς
809 1262 839 1295 δ’
861 1260 1012 1305 ᾔσθοντο,
1037 1263 1086 1295 ὅτι
1108 1262 1182 1296 Χῖοι
1204 1264 1293 1305 ἦσαν,
1316 1263 1481 1306 ἐκήρυξαν,
1522 1263 1593 1297 Τοῖς
1621 1263 1710 1297 Χίοις

296 1320 421 1360 ἐφιᾶσιν
442 1317 642 1360 ἀσελγαίνειν.
666 1314 773 1359 Apud
791 1315 980 1348 Aelianum
1003 1317 1088 1357 (var.
1111 1315 1193 1348 hist.
1218 1316 1306 1357 2,15)
1335 1316 1458 1349 eadem
1483 1327 1538 1350 res
1557 1317 1707 1351 refertur

297 1371 341 1404 de
355 1371 598 1407 Clazomeniis.
622 1380 701 1402 cum
725 1371 848 1402 auctor
874 1369 1046 1412 epistulae
1060 1369 1258 1402 Socraticae
1280 1369 1325 1402 ad
1349 1369 1394 1410 id,
1420 1370 1515 1413 quod
1537 1371 1605 1404 sibi
1628 1381 1706 1414 pro-

294 1427 469 1467 posuerat,
501 1423 706 1466 simpliciter
726 1422 839 1456 Jonas
863 1422 1033 1465 quosdam
1061 1422 1181 1462 fuisse,
1212 1423 1274 1465 qui
1296 1424 1548 1465 peccavissent,
1577 1428 1704 1457 narret.

422 1488 540 1521 Ritter
568 1498 600 1530 p.
618 1486 683 1520 384
710 1486 887 1520 iudicans:
920 1486 1007 1527 ¹‚Die
1030 1486 1276 1529 Erzahlungen
1311 1487 1547 1530 ermoglichen
1575 1487 1706 1529 iedoch

293 1542 375 1574 kein
397 1541 510 1574 volles
525 1540 756 1574 Verstandnis
783 1539 845 1573 des
866 1540 942 1574 hier
963 1539 1213 1583 vorliegenden
1234 1540 1355 1574 Satzes
1377 1540 1452 1573 und
1475 1541 1591 1584 geben
1615 1542 1706 1575 auch

294 1596 398 1628 keine
410 1595 607 1627 Korrektur
618 1604 663 1626 an
676 1593 731 1627 die
743 1593 867 1626 Hand“
889 1593 1059 1627 lectiones
1072 1604 1093 1626 a
1104 1593 1296 1638 Bernaysio
1309 1594 1513 1628 emendatas
1524 1595 1706 1639 (Hercher‚

295 1649 415 1682 Herm.
443 1648 542 1685 vin,
560 1648 653 1684 1874.
676 1659 709 1690 p.
730 1646 809 1685 223)
834 1657 905 1680 non
928 1648 1068 1681 novisse
1092 1647 1249 1680 videtur:
1274 1650 1398 1682 textus
1421 1648 1630 1681 emendatus
1653 1652 1708 1682 est

293 1703 367 1735 hic:
398 1703 573 1744 φοβεῖσθαι
601 1702 656 1734 οὖν
679 1702 805 1744 σφόδρα
829 1701 905 1734 τοὺς
932 1701 1074 1740 ἁλόντας,
1104 1702 1170 1734 ἐπεὶ
1198 1702 1313 1745 ἤγοντο
1344 1704 1391 1735 εἰς
1411 1704 1542 1744 ἀγοράν,
1572 1704 1649 1736 τοὺς
1670 1705 1707 1735 δὲ
1755 1718 1758 1719 ’

295 1756 559 1796 Λακεδαιμονίους
579 1756 771 1799 ἀνακηρῦξαι
795 1756 923 1790 «adime
939 1755 1080 1789 κέλονται
1104 1756 1152 1789 τοὶ
1175 1756 1288 1799 ἔφοροι
1310 1757 1360 1789 καὶ
1382 1757 1457 1790 τοὺς
1480 1755 1710 1798 Κλαζομενίους

295 1811 342 1842 ἔτι
367 1811 599 1853 πονηροτέρους
620 1810 698 1852 ἦμεν
715 1833 722 1841 .
741 1833 748 1840 .
768 1832 776 1841 .
803 1807 901 1848 Quae
924 1818 980 1841 res
1003 1811 1046 1841 ut
1061 1809 1118 1848 sit,
1141 1811 1280 1841 textum
1296 1812 1390 1843 recte
1415 1813 1595 1843 servatum
1619 1811 1706 1843 alias

296 1863 403 1895 etiam
423 1863 596 1896 lectiones
617 1861 820 1905 praebuisse
844 1861 929 1894 mihi
950 1861 1191 1905 persuadetur.

422 1927 538 1960 Verba
569 1936 658 1969 quae
687 1924 904 1958 antecedunt
933 1926 1135 1958 melioribus
1165 1929 1274 1969 egent
1297 1928 1553 1970 manuscriptis.
1601 1928 1706 1960 Patet

293 1981 487 2024 opprobria,
510 1991 580 2023 quo
603 1980 745 2023 propius
768 1978 813 2012 ad
835 1978 944 2011 finem
958 1979 1147 2012 verborum
1170 1979 1308 2012 accedit
1323 1980 1637 2023 epistolographus,
1661 1991 1704 2014 eo

294 2034 488 2068 maioribus
512 2034 644 2067 ironiae
668 2033 825 2076 partibus
846 2031 951 2065 adfici
973 2033 1038 2075 (ἵνα
1058 2035 1103 2076 μὴ
1122 2034 1265 2075 χραίνοις
1285 2035 1325 2066 τὰ
1340 2036 1439 2075 ἱερεῖα
1468 2050 1502 2056 -
1530 2030 1613 2067 sane
1637 2035 1704 2068 hoc

294 2090 430 2130 spectat
458 2087 503 2119 ad
531 2086 718 2130 Speusippi
752 2087 958 2129 φιλαργυρίαν
989 2103 1023 2109 -
1051 2087 1307 2129 παναπόπληκτος
1333 2089 1444 2129 ἐγένου
1476 2099 1623 2120 ονοσοντε
1654 2093 1707 2121 επῖ

294 2142 463 2174 κδταιαίων
488 2140 575 2173 haec
603 2140 674 2182 legi
704 2140 741 2172 in
770 2138 891 2173 codice
914 2139 1096 2176 Vaticano.
1125 2138 1168 2171 de
1201 2149 1271 2181 quo
1305 2139 1405 2182 plura
1433 2140 1593 2174 invenies
1621 2151 1701 2183 pag.

295 2194 357 2227 108
366 2204 415 2236 sq.
441 2193 501 2234 (cf.
519 2196 653 2226 ceteras
674 2193 846 2226 lectiones
862 2192 1072 2234 easdemque
1092 2191 1195 2225 valde
1218 2195 1399 2234 corruptas
1422 2192 1515 2235 apud
1531 2193 1703 2226 Orellium

296 2258 329 2290 p.
351 2246 415 2280 287
445 2249 483 2280 et
504 2246 731 2288 Hercherum,
760 2244 972 2289 Epistologr.
1003 2255 1131 2288 graec„
1163 2245 1307 2289 praefat.
1332 2257 1364 2288 p.
1381 2245 1511 2279 LXXI.
1549 2246 1704 2280 Allatius

293 2301 381 2344 legit
404 2302 532 2334 νόσοντε
555 2324 563 2333 .
583 2325 589 2332 .
608 2326 626 2341 .,
649 2301 760 2334 ὄνοσον
775 2313 811 2334 τε
833 2300 1104 2342 ἐπιδεικταιαίων).
1131 2298 1276 2332 Etiamsi
1292 2300 1378 2332 mihi
1395 2310 1464 2333 non
1485 2301 1640 2344 contigit
1654 2301 1704 2334 la-

297 2364 424 2388 cunam
440 2354 591 2397 explere,
614 2357 734 2387 tamen
747 2354 834 2387 mihi
847 2364 1039 2398 proponere
1058 2354 1165 2387 liceat
1178 2354 1297 2397 legere
1322 2355 1578 2399 παναπόπληκτος
1592 2358 1704 2398 ἐγένου

293 2410 366 2443 ὄνος
380 2411 452 2442 ὅντε
475 2411 524 2442 ἐπι
548 2434 556 2441 .
576 2433 584 2441 .
602 2432 623 2445 .,
648 2418 737 2451 quae
752 2419 825 2442 vox
840 2408 884 2441 de
900 2409 998 2442 asino
1014 2408 1145 2451 optime
1169 2408 1315 2451 cogitari
1338 2411 1466 2451 potest.
1492 2408 1705 2453 ceteroquin

296 2462 509 2496 vocabulum
533 2463 793 2506 παναπόπληκτος
818 2461 864 2494 ad
885 2461 1072 2505 Speusippi
1093 2461 1254 2494 morbum
1278 2464 1439 2504 spectare
1469 2472 1574 2505 posse
1599 2473 1704 2497 nemo

292 2514 408 2548 adhuc
431 2515 649 2549 observavit:
683 2515 761 2548 fieri
783 2518 911 2558 potest,
940 2518 984 2548 ut
1011 2515 1071 2547 illa
1095 2525 1164 2548 vox
1195 2515 1254 2549 hic
1280 2515 1477 2558 significet:
1507 2517 1621 2560 v611ig
1643 2528 1705 2560 ge-

293 2568 408 2601 lahmt
429 2579 486 2601 am
501 2568 642 2612 Korper
664 2568 725 2611 (cf.
741 2568 911 2602 Herodot.
934 2569 955 2601 1
967 2568 1038 2601 167.
1062 2568 1164 2612 Diog.
1187 2568 1228 2602 L.
1246 2569 1354 2611 1v3),
1378 2580 1461 2603 cum
1476 2571 1575 2604 notio
1591 2571 1705 2614 ἄφρων

292 2621 437 2664 (Herod.
461 2622 586 2663 11173)
609 2622 655 2656 ad
678 2623 827 2657 verbum
849 2623 922 2657 ὄνος
941 2623 1026 2656 item
1049 2622 1208 2666 quadret.
