2138 3299
902 342 1141 382 -9-

321 472 441 513 huius
469 472 667 524 epistulae
696 476 758 512 est
775 471 994 519 Phaedrus,
1024 470 1104 523 qui,
1137 473 1179 511 ut
1209 471 1247 511 in
1278 470 1448 522 epistula
1475 470 1727 511 antecedenti

320 535 506 586 legimus,
545 547 567 575 a
597 536 724 586 prima
755 535 959 575 iuventute
988 535 1183 574 enutritus
1219 537 1300 574 erat
1328 535 1558 574 lenimentis
1586 534 1727 574 Socra·

319 599 418 639 ticis.
475 599 652 647 Accedit,
683 599 795 650 quod
825 599 995 650 epistula
1024 599 1076 639 27
1105 599 1269 639 ineunte
1300 599 1405 638 idem
1436 598 1642 638 Phaedrus
1670 599 1726 638 lo-

319 664 451 715 quitur
480 664 530 704 de
560 663 738 705 Platonis
768 663 806 704 in
838 663 1051 704 remotiora
1086 663 1174 704 loca
1205 663 1423 703 itineribus.
1481 662 1588 715 Ergo
1619 663 1726 703 resti-

317 728 494 768 tuendus
512 733 573 768 est
591 728 728 768 titulus
747 728 920 778 Φαῖδρος
939 727 1127 767 Πλάτωνι.
1157 752 1207 757 —
1235 728 1420 778 Denique
1442 728 1492 767 ad
1513 728 1724 778 epistulam

322 792 369 832 17
398 791 651 841 accedamus,
682 803 787 844 quae
817 792 988 833 omnino
1019 804 1102 833 non
1133 792 1320 844 inscripta
1350 796 1420 832 est.
1465 791 1547 832 Sed
1576 793 1617 832 ut
1647 791 1725 831 iam

318 855 491 897 Orellius
520 857 811 905 animadvertit,
841 868 863 896 e
892 857 1024 897 verbis
1050 857 1245 908 epistulae
1275 857 1413 908 primis
1442 860 1607 908 apparet
1636 867 1725 896 eam

318 920 451 960 datam
481 932 570 961 esse
608 921 658 961 ad
689 921 991 973 Hippocratem,
1027 921 1096 972 qui
1127 921 1300 961 interfuit
1329 921 1508 961 Platonis
1536 921 1725 967 sermoni,

318 986 387 1036 qui
435 986 659 1027 inscribitur
698 985 979 1037 Πρωταγόρας;
1030 986 1169 1026 omnia
1208 985 1518 1037 quae”protulit
1560 985 1727 1036 scriptor

318 1050 457 1089 harum
488 1051 700 1090 litterarum
739 1050 789 1090 de
820 1050 959 1090 animo
988 1050 1075 1090 eius
1111 1061 1205 1100 erga
1235 1050 1441 1090 Socratem
1471 1050 1640 1101 eiusque
1670 1049 1725 1088 ta·

319 1114 502 1159 minares,
533 1114 573 1154 in
596 1126 768 1165 quorum
790 1125 960 1154 numero
981 1115 1068 1165 ipse
1098 1119 1192 1162 erat,
1222 1115 1272 1154 ad
1303 1126 1363 1163 ea,
1393 1125 1497 1165 quae
1518 1114 1726 1153 traduntur

316 1178 366 1218 de
397 1179 475 1218 hoc
503 1178 587 1218 viro
617 1180 654 1218 et
683 1179 877 1230 sophista,
909 1179 1060 1230 optime
1091 1179 1341 1230 quadrant1).
1391 1178 1575 1218 Extrema
1605 1179 1724 1218 verba

316 1243 430 1281 πάλιν
460 1245 525 1281 οὖν
556 1243 872 1294 συνελευσόμεθα
902 1243 1102 1294 Ἀθήναζε
1131 1244 1165 1281 οἱ
1202 1242 1365 1290 ἀναξίως
1394 1243 1726 1294 ἀνασεσοβημένοι

317 1307 367 1353 ὡς
402 1309 443 1346 τὸ
478 1307 654 1359 πρόσθεν
689 1318 815 1347 unum
846 1318 998 1355 eorum,
1038 1307 1106 1358 qui
1135 1306 1303 1347 Athenis
1332 1307 1492 1347 Thebas
1527 1306 1724 1358 fugerant,

317 1371 636 1422 intellegendum
666 1383 755 1411 esse
785 1371 996 1411 affirmant.

445 1435 655 1477 Dissensio
685 1438 756 1483 est,
792 1436 854 1476 cui
884 1436 1151 1477 vindicandae
1179 1436 1256 1476 sint
1286 1436 1481 1488 epistulae
1512 1435 1557 1475 21
1592 1439 1631 1475 et
1660 1435 1723 1483 22,

315 1500 426 1550 quod
456 1500 544 1539 libri
565 1501 822 1550 manuscripti
842 1501 970 1540 varias
991 1501 1184 1550 praebent
1205 1500 1450 1546 lectiones2).
1481 1500 1521 1538 ln
1544 1500 1723 1539 editione

314 1563 511 1604 Allatiana
540 1564 684 1615 legitur
712 1563 889 1614 Ξενοφῶν
920 1563 1144 1615 Ξανθίππῃ,
1175 1564 1214 1603 in
1245 1564 1384 1605 codice
1405 1563 1722 1615 Guelferbytano

314 1627 500 1678 Αἰσχίνης
520 1634 567 1678 τῇ
588 1627 799 1678 Ξανθίππῃ
821 1627 1064 1678 Σωκράτους,
1094 1629 1200 1667 idem
1223 1629 1262 1667 in
1285 1628 1424 1668 codice
1446 1627 1723 1678 Gottingensi3

316 1691 519 1732 Parisinus
575 1691 928 1743 praescriptionem
978 1693 1142 1744 praebet
1190 1692 1353 1732 nullam.
1411 1691 1633 1743 Epistulam
1673 1691 1723 1730 22

314 1755 483 1796 Allatius
511 1756 646 1796 tribuit
674 1756 951 1808 Xenophonti,
988 1768 1080 1797 cum
1111 1756 1272 1797 codices
1309 1760 1346 1796 et
1375 1756 1658 1807 Gottingensis
1687 1758 1724 1796 et

315 1820 518 1861 Parisinus
548 1820 699 1861 nullam
730 1821 900 1862 offerant
929 1821 1242 1872 inscriptionem.
1290 1821 1381 1870 Qua
1413 1820 1462 1861 de
1492 1831 1613 1860 causa
1644 1821 1721 1860 iam

314 1885 486 1925 Ioannes
507 1884 754 1933 Luzacius³)‚
786 1896 906 1936 quem
937 1888 1098 1925 secutus
1128 1890 1187 1925 est
1207 1884 1393 1934 Orellius,
1425 1886 1529 1925 hanc
1557 1896 1723 1935 quoque

315 1948 527 2000 epistulam
558 1948 746 1989 Aeschini
767 1949 970 1990 Socratico
1001 1949 1253 1989 adiudicavit.
1287 1949 1463 1990 Hercher
1483 1949 1523 1989 in
1545 1949 1722 1990 editione

314 2024 387 2053 sua
417 2013 566 2053 Leonis
585 2013 716 2053 Allatii
745 2014 939 2054 lectiones
967 2015 1106 2061 tenuit,
1138 2014 1210 2053 sed
1240 2014 1350 2053 nullo
1381 2016 1423 2052 ut
1442 2013 1597 2052 videtur
1626 2014 1721 2052 iure.

314 2077 494 2129 Epistula
516 2077 562 2117 21
597 2078 704 2118 enim
736 2077 858 2118 missa
888 2082 948 2118 est
966 2078 1144 2129 Megaris
1173 2077 1226 2118 ad
1244 2077 1517 2129 Xanthippen‚
1547 2088 1651 2128 quae
1682 2077 1721 2117 in

315 2141 622 2181 Atheniensium
656 2143 753 2182 urbe
782 2144 1024 2182 versabatur.
1054 2142 1214 2182 Scimus
1243 2145 1375 2182 autem
1405 2143 1722 2192 Xenophontem

314 2217 404 2246 cum
444 2205 496 2246 ab
532 2206 790 2258 expeditione
830 2206 920 2260 Cyri
958 2204 1190 2254 revertisset,
1225 2207 1265 2247 in
1297 2207 1461 2258 praedio
1495 2217 1571 2247 suo
1608 2205 1722 2246 Pelo-

314 2271 563 2321 ponnesiaco
600 2271 650 2310 ad
680 2270 914 2311 Scilluntem
953 2272 1197 2311 habitantem
1236 2272 1374 2322 procul
1404 2271 1571 2312 Athenis
1599 2271 1720 2311 vitam

445 2398 477 2440 1)
501 2397 629 2432 Nescio
646 2410 690 2432 an
714 2400 955 2433 testimonium
980 2400 1194 2433 reiciendum
1219 2401 1273 2438 sit,
1297 2411 1340 2433 ex
1358 2411 1428 2442 quo
1451 2399 1612 2433 videmus
1637 2400 1739 2442 Hip-i

312 2454 489 2493 pocratem
515 2455 595 2493 post
610 2452 763 2486 Socratis
788 2457 935 2485 mortem
953 2457 1206 2486 commoratum
1231 2464 1308 2486 esse
1331 2455 1365 2485 in
1389 2454 1502 2486 insula
1518 2453 1605 2485 Chio
1630 2455 1722 2493 (οἶκοι

311 2503 416 2542 εἶναι),
447 2515 528 2538 cum
551 2506 658 2537 etiam
683 2507 793 2538 ceteri
818 2506 974 2540 Socratis
999 2506 1159 2549 discipuli
1192 2508 1361 2549 magistro
1390 2510 1531 2540 mortuo
1566 2507 1722 2539 Athenas

311 2559 544 2602 reliquissent.

444 2614 480 2651 2)
506 2612 664 2645 conferas
686 2623 775 2655 quae
798 2614 832 2644 in
856 2613 1047 2655 appendice
1070 2614 1227 2646 afferam.

441 2666 475 2708 3)
499 2665 687 2699 Lectiones
710 2666 860 2708 Atticae,
886 2666 1000 2711 Lugd.
1025 2667 1147 2701 Batav.
1175 2669 1272 2709 1809,
1296 2680 1328 2712 p.
1347 2671 1390 2703 47
1400 2679 1449 2712 sq.
