2138 3299
915 286 1182 327 -53-

341 427 493 464 magna
519 428 569 453 ex
597 419 716 465 parte
744 415 894 465 petisse
922 428 973 454 ex
1000 414 1213 454 Aeschinis
1242 414 1404 465 dialogo
1433 414 1617 454 conicere
1645 414 1753 454 licet.

344 477 450 517 Sane
469 478 569 517 haec
589 482 718 517 restat
739 479 941 530 quaestio,
961 492 1062 518 num
1081 478 1283 530 epistulae
1303 482 1447 518 auctor
1468 479 1521 518 ad
1541 478 1755 518 Aeschinis

341 542 549 593 dialogum
578 544 714 593 ipsum
744 546 790 581 ut
821 542 979 582 fontem
1008 544 1257 593 spectaverit
1287 557 1418 594 eoque
1447 556 1546 583 usus
1574 544 1641 582 sit.
1704 544 1754 582 In

340 610 459 646 sexto
493 607 605 646 enim
641 606 930 657 Xenophontis
968 606 1295 646 Memorabilium
1329 607 1423 646 libri
1459 607 1580 658 primi
1616 607 1752 659 capite

339 671 513 711 eandem
529 672 841 722 dispositionem
855 671 1238 722 sententiarumque
1253 683 1499 710 consensum
1514 672 1752 722 reperimus,

339 735 679 786 utXenophontis
693 735 834 781 verba,
844 748 950 785 quae
964 736 1160 774 arcessita
1172 739 1270 774 sunt
1285 748 1335 773 ex
1348 735 1562 775 Aeschinis
1577 736 1753 786 dialogo,

339 791 503 838 fontem*
526 799 651 838 fuisse
679 798 880 849 epistulae
910 798 1020 837 Socr.
1050 799 1406 850 comprobandum
1434 800 1501 838 sit.

471 862 560 902 Hoc
576 875 706 902 unum
722 867 861 902 autem
876 863 1176 913 respiciendum
1190 868 1266 908 est,
1284 867 1330 902 ut
1346 864 1446 902 mihi
1462 864 1645 902 videtur:
1663 876 1752 914 per-

339 927 445 978 quiri
471 931 650 978 oportet,
678 940 778 966 num
804 927 1000 978 Telauges
1027 927 1239 966 Aeschinis
1266 928 1486 978 dialogusl)
1513 928 1601 979 ipse
1627 932 1751 967 notus

338 991 461 1030 fuerit
481 992 827 1042 epistolographo,
848 1005 930 1042 quo
950 992 1091 1031 variae
1110 993 1304 1042 egestatis
1324 993 1504 1031 rationes
1524 997 1750 1043 pertracta-

337 1055 492 1095 bantur
516 1059 643 1107 atque
667 1060 714 1095 ut
739 1056 781 1095 in
807 1055 895 1095 aliis
920 1056 1152 1107 philosophi
1176 1056 1304 1095 huius·
1323 1056 1493 1107 dialogis
1519 1057 1570 1096 de
1594 1056 1750 1095 divitiis

337 1133 470 1159 sermo
488 1120 733 1159 habebatur.
772 1121 963 1159 Fortasse
985 1134 1150 1172 quoque
1168 1121 1209 1159 in
1232 1121 1387 1171 cynicis
1406 1121 1591 1171 epistulis
1614 1121 1664 1160 de
1687 1121 1750 1160 his

336 1184 458 1222 rebus
480 1184 787 1234 disputabatur,
811 1185 1052 1234 praesertim
1074 1197 1182 1229 curn,
1205 1189 1252 1223 ut
1275 1185 1317 1222 in
1339 1185 1415 1222 hoc
1438 1185 1601 1234 dialogo
1624 1197 1750 1235 oppo-

336 1252 493 1288 nuntur
516 1249 750 1289 Critobulus
774 1253 815 1288 et
838 1249 1049 1299 TelaugeS,
1073 1249 1115 1288 in
1139 1249 1372 1288 Phaedonis
1395 1249 1570 1299 dialogo,
1596 1249 1667 1300 qui
1690 1249 1749 1288 in-

335 1313 528 1352 scribitur
557 1314 700 1366 Σίμων,
731 1317 847 1352 sutor
874 1318 916 1352 et
949 1313 1136 1352 Socrates
1165 1313 1273 1353 inter
1300 1325 1343 1352 se
1371 1313 1696 1364 pugnaverint2).

472 1422 532 1458 22.
565 1419 631 1458 De
659 1420 970 1459 testamentis
999 1424 1045 1458 et
1074 1420 1300 1470 epistulis
1328 1420 1610 1470 suppositis.

467 1484 685 1522 Praeterea
706 1484 748 1522 in
775 1483 1078 1522 Socraticarum
1101 1484 1371 1534 epistularum
1394 1495 1565 1522 numero
1588 1484 1745 1522 inveni-

335 1551 462 1586 untur
490 1560 575 1592 eae,
614 1560 720 1598 quae
748 1548 949 1598 epistulae
984 1548 1118 1586 forma
1152 1547 1419 1597 consignatae
1446 1551 1748 1586 testamentum

336 1614 376 1649 et
394 1611 623 1650 orationem
640 1611 821 1663 aliquam
838 1611 1061 1662 proterant.
1096 1612 1399 1662 Proposuerant
1416 1611 1541 1662 igitur
1557 1611 1747 1662 epistolo—

334 1676 480 1726 graphi
497 1679 795 1715 testamentum
813 1676 877 1715 vel
894 1676 1122 1715 orationem
1139 1676 1293 1724 fingere
1309 1676 1559 1715 simillimam
1576 1676 1747 1715 clarissi-

334 1740 390 1778 mi
410 1740 500 1786 viri,
528 1741 594 1779 cui
612 1753 695 1779 non
714 1741 847 1780 solum
869 1741 985 1780 varia
1005 1753 1111 1792 quae
1131 1741 1184 1780 ad
1204 1740 1336 1780 vitam
1356 1753 1571 1792 moresque
1599 1741 1685 1780 eius
1705 1744 1747 1779 et

334 1804 660 1844 familiaritatem
674 1806 952 1856 pertinebant,
963 1806 1329 1851 admiscerent‚sed
1339 1806 1466 1844 etiam
1480 1806 1531 1844 de
1545 1806 1747 1853 doctrina,

333 1870 486 1915 schola,
509 1870 809 1908 successoribus
832 1870 1015 1908 eiusdem
1037 1870 1165 1908 verba
1186 1869 1381 1908 facerent.
1428 1869 1552 1909 Cuius
1574 1870 1748 1908 rationis

334 1934 523 1983 exempla
540 1933 658 1972 nobis
678 1933 878 1984 praebent
898 1934 1099 1984 epistulae
1122 1937 1153 1971 l.
1177 1935 1237 1971 29.
1262 1936 1321 1972 30.
1346 1936 1406 1971 31.
1430 1936 1490 1972 32.
1515 1936 1574 1972 33.
1600 1936 1660 1972 35.
1684 1936 1745 1973 36.

465 1998 523 2036 Ac
543 1998 722 2047 primum
741 1998 908 2048 quidem
927 1998 1253 2047 contemplemur
1271 1998 1492 2047 epistulam
1514 1997 1623 2035 Socr.
1647 1997 1744 2045 29³),

333 2061 399 2099 cui
412 2061 673 2111 suppositum
687 2066 749 2100 est
764 2065 1062 2100 testamentum
1077 2061 1289 2111 Aristippi,
1306 2061 1538 2111 philosophi
1554 2061 1742 2114 Cyrenai-

333 2148 544 2189 conposuit).
571 2147 649 2187 Quo
672 2147 776 2179 modo
802 2150 878 2179 orta
903 2148 948 2179 sit
966 2147 1127 2189 epistula,
1150 2146 1307 2178 Dittmar
1332 2146 1486 2188 explieat
1510 2157 1543 2188 p.
1562 2146 1634 2185 210,
1659 2146 1739 2179 adn.

332 2201 389 2233 77:
414 2201 482 2234 Die
499 2200 726 2243 Entstehung
748 2200 810 2233 des
827 2200 961 2233 Briefes
982 2201 1029 2232 ist,
1052 2210 1142 2243 ganz
1166 2199 1295 2242 analog
1318 2199 1387 2239 der,
1413 2199 1468 2232 die
1492 2199 1567 2232 sich
1592 2199 1649 2232 fiis
1674 2199 1743 2233 den

332 2255 446 2286 Alkib.
465 2255 482 2286 Ι
506 2254 702 2287 feststellen
725 2254 812 2287 lien:
839 2255 876 2286 in
901 2254 958 2285 die
977 2254 1124 2295 Vorlage
1149 2254 1238 2287 wird
1263 2255 1318 2285 ein
1343 2255 1452 2287 Stuck
1476 2255 1743 2295 eingearbeitet‚

332 2307 389 2340 fiir
414 2307 476 2341 das
505 2307 567 2340 der
589 2307 717 2350 Dialog
741 2306 884 2344 Καλλίας,
918 2307 1007 2340 nach
1038 2307 1118 2340 dem
1142 2307 1341 2350 Xenophon
1376 2307 1438 2340 das
1462 2307 1744 2341 Memorabilien-

331 2361 462 2403 kapitel
483 2361 654 2403 gestaltet
675 2361 783 2398 hatte,
807 2361 932 2402 Quelle
958 2372 1040 2394 war.

461 2415 493 2456 1)
518 2414 562 2447 ef.
587 2414 723 2452 Krauss‚
748 2415 771 2447 1.
797 2425 826 2448 c.
851 2426 885 2457 p.
904 2415 1025 2457 105sq.
1052 2426 1084 2457 p.
1103 2415 1154 2448 52.
1182 2416 1344 2452 Dittmar,
1370 2426 1401 2458 p.
1421 2415 1608 2448 213—244.

461 2469 495 2508 2)
520 2467 636 2500 Etiam
660 2469 727 2501 hoc
751 2469 829 2502 loco
846 2468 964 2501 Obens
987 2469 1074 2501 nihil
1099 2469 1186 2502 dicit
1208 2469 1251 2501 de
1267 2469 1407 2511 dialogo
1424 2469 1577 2511 quodam
1602 2470 1745 2512 cognito

331 2522 388 2555 vel
412 2532 593 2563 converso,
617 2522 660 2556 cf.
684 2533 763 2565 pag.
791 2523 820 2556 9.
852 2524 900 2556 12.
927 2523 978 2556 17.
1464 2553 1468 2556 .

459 2576 494 2615 3)
519 2576 717 2617 Epistulam
750 2577 902 2618 spuriam
942 2587 1020 2609 esse
1057 2578 1126 2608 iam
1152 2577 1336 2609 Bentleius
1366 2577 1632 2615 demonstravit,
1670 2576 1743 2608 vid.

332 2627 666 2672 Bentley-Ribbeck,
692 2631 715 2663 Ι.
741 2640 781 2670 c.,
807 2641 839 2673 p.
859 2630 933 2663 551.
