2138 3299
976 330 1241 370 ..5ο-

397 457 586 508 Denique
614 455 783 507 Lysiam
812 457 849 496 ei
877 456 1073 496 invidisse
1100 469 1184 495 non
1214 457 1418 504 audimus,
1448 457 1691 509 praesertim
1719 469 1814 497 cum

394 525 543 561 notum
562 522 616 560 sit
635 521 752 560 illum
773 534 933 561 amasse
953 521 1187 560 Phaedrum
1210 521 1276 570 (cf.
1300 522 1469 562 Lurian.
1492 535 1650 561 amores
1669 534 1702 561 c.
1727 525 1812 570 24);

395 598 529 638 neque
552 598 651 625 vero
674 586 932 626 Alcibiadem
956 586 1144 625 Phaedro
1166 586 1363 626 invidisse
1386 591 1565 633 constat,
1591 591 1633 625 at
1657 586 1814 638 optime

395 650 568 700 cogitari
586 655 739 701 potest,
759 651 858 701 quia
875 651 1110 689 Phaedrum
1128 650 1412 701 philosophiae
1430 655 1651 702 praecepta
1669 651 1814 689 melius

394 718 585 753 secutum
609 727 696 753 esse
719 727 846 765 quam
870 714 1126 753 Alcibiadem
1150 714 1326 765 quisque
1350 727 1432 754 non
1457 715 1667 765 ignoratn.
1716 715 1811 753 For-

395 782 506 816 tasse
532 779 573 816 in
601 778 764 827 dialogo
790 778 986 828 quodam,
1014 790 1096 828 quo
1122 777 1356 816 Alcibiades
1384 783 1546 828 partem
1572 779 1669 828 egit,
1697 782 1744 816 ut
1770 779 1811 816 in

396 842 609 880 Aeschinis
641 842 839 881 Socratici
868 842 1052 890 dialogis,
1082 853 1185 891 quos
1215 844 1312 879 ante
1341 842 1673 887 commemoravi,
1703 853 1811 880 com—

395 905 663 956 pluribusque
685 905 786 950 aliis,
810 918 916 956 quae
936 905 1044 943 ratio
1064 904 1360 943 intercessisset
1382 905 1571 944 Phaedro
1591 918 1685 944 cum
1706 905 1812 944 Alci-

395 968 530 1013 biade,
559 969 914 1008 communicatum
943 972 1070 1019 atque
1098 969 1302 1007 iactatum
1332 973 1404 1008 est.

527 1034 576 1071 In
593 1033 772 1083 epistula
789 1036 811 1073 7
830 1033 987 1071 mentio
1003 1033 1053 1071 fit
1072 1032 1267 1072 Chariclis
1285 1033 1514 1079 cuiusdam,
1533 1034 1583 1072 de
1601 1046 1683 1085 quo
1699 1033 1813 1072 nulla

394 1097 521 1136 verba
534 1097 630 1136 fecit
645 1097 848 1136 Obensius
857 1113 865 1140 ;
883 1101 1070 1136 attamen
1085 1109 1191 1148 quae
1206 1097 1448 1136 arcessimus
1464 1110 1514 1136 ex
1529 1098 1605 1136 hac
1621 1098 1810 1148 epistula,

394 1161 563 1200 minime
582 1162 817 1200 omittenda
834 1174 920 1199 esse
940 1161 1146 1200 videntur.
1185 1161 1336 1199 Omnia
1353 1161 1477 1206 enim,
1497 1174 1604 1212 quae
1622 1162 1811 1200 audimus

394 1225 445 1263 de
461 1225 537 1264 hoc
552 1225 654 1271 viro,
676 1225 832 1276 optime
846 1225 1054 1275 quadrant
1072 1225 1125 1263 ad
1141 1237 1203 1269 ea,
1225 1237 1332 1275 quae
1347 1225 1520 1264 tradunt
1541 1225 1666 1263 ceteri
1686 1225 1808 1275 scrip-

394 1292 504 1327 tores
545 1293 715 1328 veteres.
775 1289 1009 1339 Xenophon
1051 1288 1226 1337 (Hellen.
1263 1288 1320 1333 II,
1344 1291 1424 1337 3‚2)
1465 1288 1589 1327 refert
1621 1289 1738 1327 illum
1768 1289 1808 1326 in

393 1353 565 1403 triginta
585 1353 767 1392 virorum
788 1365 959 1391 numero
980 1353 1104 1391 fuisse
1125 1365 1235 1391 anno
1256 1356 1346 1397 404,
1369 1356 1495 1403 atque
1516 1353 1627 1403 quod
1651 1352 1810 1391 Socrati

392 1417 468 1455 hoc
482 1417 571 1455 loco
585 1417 789 1455 obsistens
803 1416 1027 1461 inducitur,
1049 1429 1144 1454 eum
1157 1429 1240 1455 non
1258 1416 1409 1466 exigua
1423 1416 1672 1454 auctoritate
1686 1416 1810 1455 fuisse

392 1481 733 1519 verisimillimum
750 1485 825 1519 est.
867 1481 986 1531 Quod
1004 1481 1209 1531 reliquum
1226 1484 1302 1525 est,
1330 1480 1394 1518 hic
1412 1493 1546 1519 sermo
1562 1484 1738 1531 spectat,
1764 1484 1808 1519 ut

393 1544 494 1583 mihi
510 1545 690 1590 videtur,
708 1545 761 1583 ad
777 1545 986 1594 dialogum
1003 1545 1225 1594 quendam,
1242 1544 1284 1582 in
1300 1557 1383 1594 quo
1403 1543 1591 1583 Socrates
1607 1544 1694 1594 ipse
1709 1545 1808 1582 haec

392 1608 520 1647 verba
541 1608 650 1647 fecit.
677 1608 1083 1647 Similia—Charicle
1103 1621 1185 1646 non
1206 1608 1676 1647 inducto—invenimus
1698 1609 1809 1658 apud

393 1672 610 1711 Platonem
633 1672 755 1721 (apol.
781 1672 890 1710 Socr.
915 1685 952 1722 p.
974 1675 1022 1710 32
1042 1672 1143 1720 CD)‚
1165 1672 1236 1709 ubi
1257 1672 1446 1720 legimus:
1471 1672 1568 1711 Τότε
1589 1673 1714 1723 μέντοι
1734 1673 1809 1723 ἐγὼ

390 1738 434 1775 οὐ
454 1736 570 1788 λόγῳ,
602 1736 688 1775 ἀλλ’
715 1738 829 1788 ἔργῳ,
861 1739 910 1775 αὖ
931 1736 1193 1788 ἐνεδειξάμην,
1225 1737 1281 1775 ὅτι
1302 1737 1385 1788 ἐμοὶ
1406 1738 1474 1788 μὲν
1495 1737 1668 1775 θανάτου
1689 1736 1807 1788 μέλει,

390 1802 423 1839 εἰ
444 1802 496 1852 μὴ
514 1802 785 1852 ἀγροικότερον
801 1802 849 1852 ἦν
866 1802 998 1845 εἰπεῖν,
1019 1802 1100 1840 οὐδ’
1116 1802 1239 1840 ὁτιοῦν
1260 1807 1326 1839 τοῦ
1342 1802 1384 1840 δὲ
1402 1801 1522 1852 μηδὲν
1539 1802 1686 1845 ἄδικον,
1717 1801 1806 1852 μηδ’

390 1865 544 1904 ἀνόσιον
575 1865 829 1915 ἐργάζεσθαι,
860 1867 992 1904 τούτου
1026 1867 1068 1904 δὲ
1100 1867 1141 1903 τὸ
1173 1872 1250 1903 πᾶν
1276 1865 1408 1916 μέλει·
1429 1866 1498 1916 ἐμὲ
1526 1867 1602 1915 γὰρ
1627 1865 1756 1914 ἐκείνη
1780 1865 1806 1915 ἡ

390 1930 495 1979 ἀρχὴ
511 1931 583 1967 οὐκ
600 1928 815 1979 ἐπέπληξεν
828 1931 946 1974 οὕτως
963 1930 1103 1980 ἰσχυρὰ
1113 1932 1224 1973 οὖσα,
1237 1931 1337 1968 ὥστε
1354 1929 1488 1967 ἄδικόν
1503 1942 1537 1967 τι
1553 1928 1803 1979 ἐργάζεσθαι.

388 1990 439 2029 cf.
457 1991 577 2041 epist.
597 1994 637 2030 7:
658 2022 680 2036 ,‚
693 1993 812 2042 (ἦπου
828 1993 951 2036 οὐδὲν,
976 1994 1006 2030 ὠ
1022 1992 1240 2043 Σώκρατες,
1266 1995 1339 2042 ἔφη
1359 1992 1396 2035 (i.
1417 2005 1449 2029 e.
1469 1991 1704 2037 Charicles),
1727 1992 1805 2042 ἡγῇ

387 2057 513 2095 κακὸν
529 2056 726 2094 δύνασθαι
740 2057 897 2099 παθεῖν,
913 2058 1032 2102 οὕτως
1047 2057 1232 2103 αὐθαδῶς
1248 2056 1529 2107 διαλεγόμενος.
1549 2057 1673 2105 κάγὼ,
1691 2056 1806 2106 μυρία

389 2122 457 2172 μὲν
473 2122 539 2159 οὖν
556 2120 603 2171 νὴ
621 2119 706 2164 Δία,
732 2121 762 2158 ὦ
779 2119 1002 2171 Χαρίκλεις,
1028 2122 1071 2159 οὐ
1089 2121 1215 2172 μέντοι
1231 2120 1390 2159 τοσοῦτό
1406 2133 1451 2171 γε
1467 2120 1592 2163 οὐδὲν,
1618 2120 1805 2170 ὁπηλίκον

386 2186 418 2224 εἰ
435 2184 660 2235 ἀδικήσωῖ).
682 2183 862 2222 Omnino
879 2185 958 2222 hae
970 2185 1076 2223 duae
1086 2185 1344 2223 narrationes
1362 2183 1575 2233 complura
1588 2195 1694 2234 quae
1710 2195 1803 2222 con·

386 2247 556 2286 ferenda
582 2248 665 2286 sint
693 2247 923 2292 continent,
951 2248 1023 2286 sed
1049 2248 1175 2286 etiam
1204 2249 1285 2286 alia
1311 2247 1520 2292 discimus,
1549 2250 1595 2285 ut
1622 2247 1804 2287 conicere

386 2311 506 2350 liceat
530 2311 669 2350 varias
693 2315 820 2363 atque
845 2311 1028 2350 diversas
1048 2312 1172 2351 fuisse
1191 2311 1423 2351 relationes.
1456 2311 1564 2349 Nam
1582 2310 1660 2350 Dio
1677 2311 1804 2362 Chry·-

354 2407 358 2410 .
385 2380 592 2414 sostomus
628 2375 753 2413 refert
791 2379 863 2423 (or.
888 2375 1050 2413 XLIII:
1089 2377 1282 2422 πολιτικὸς
1308 2378 1348 2415 ἐν
1368 2382 1416 2426 τῇ
1435 2375 1602 2426 πατρίδι,
1632 2375 1672 2412 ΙΙ
1694 2387 1732 2424 p.
1754 2379 1803 2413 65

386 2438 567 2488 Arnim):
595 2437 671 2487 τοῖξ
693 2440 891 2491 τυράννοις
915 2442 1093 2492 ἀντικρὺς
1116 2441 1358 2492 ἐλοιδορεῖτο,
1389 2439 1512 2491 λέγων
1535 2439 1685 2491 ὁμοίους
1708 2440 1804 2479 εἶναι

515 2534 549 2575 1)
573 2512 781 2577 In-dialogo
805 2545 859 2571 eo,
884 2536 945 2577 qui
968 2535 1168 2568 inscribitur
1191 2535 1400 2577 Ἀλκιβιάδης
1421 2537 1528 2576 atque
1551 2533 1640 2567 falso
1663 2534 1802 2567 Platoni

384 2588 599 2627 attribuitur,
623 2588 681 2620 ille
701 2588 776 2631 ipse
801 2587 996 2621 confitetur
1018 2598 1056 2622 se
1080 2588 1190 2622 fuisse
1215 2591 1355 2632 ἀμαθής.

514 2641 549 2683 2)
574 2641 691 2674 Obens
704 2642 751 2683 (p.
774 2642 826 2682 18)
844 2642 1013 2674 nonnulla
1025 2644 1233 2685 composuit,
1248 2642 1312 2676 sed
1324 2650 1523 2675 sermonem
1539 2641 1653 2684 ipsum
1670 2642 1799 2675 omisit.
