2138 3299
281 496 350 537 alii
371 502 479 537 certe
499 496 727 536 discernere
747 510 831 537 non
853 498 1082 547 audeantl).
1127 495 1370 548 Nuperrime
1391 497 1529 538 Obens
1553 500 1607 550 (p.
1629 502 1696 548 31)

279 562 496 602 iudicavit:
547 561 757 613 <Epistula
794 562 1042 601 declamatio
1079 562 1315 601 recentioris
1353 563 1569 602 cuiusdam
1605 564 1695 602 rhe-

282 626 379 663 toris
405 630 480 670 est,
508 638 592 676 qua
617 627 765 676 quinta
792 627 986 666 Isocratis
1011 627 1157 671 oratio,
1184 639 1290 678 quae
1317 627 1531 677 Philippus
1556 627 1695 667 inscri-

279 689 405 734 bitur,
427 689 717 740 perstringitur
737 695 777 729 et
800 702 906 742 quae
925 690 967 729 in
988 690 1188 742 epistulae
1208 690 1385 730 formam
1403 691 1572 730 redacta
1592 695 1686 730 est.›

284 754 406 805 Quod
441 754 643 793 iudicium
679 755 965 805 probabimus;
1005 759 1048 793 at
1085 755 1206 795 nimis
1244 755 1391 794 acerba
1426 768 1559 806 neque
1595 761 1696 806 apta

278 819 380 857 mihi
402 819 598 858 videntur
618 819 747 858 verba
768 832 874 871 quae
895 819 992 858 fecit
1015 819 1153 859 Obens
1175 832 1213 870 p.
1236 823 1302 858 39:
1336 820 1549 859 <Videmus
1569 820 1696 870 igitur

279 883 501 934 epistulam
530 883 741 922 continere
773 883 889 928 „eine
919 883 1035 921 Fiille
1064 884 1262 922 erlesener
1293 884 1494 923 Notizen“
1527 884 1695 924 omnino

278 959 361 987 non
382 947 463 986 dici
484 959 620 997 posse>
633 978 642 992 ‚
665 951 889 997 postquam
909 947 1115 986 illustrare
1136 951 1309 987 conatus
1331 952 1392 986 est
1413 948 1526 987 haud
1547 960 1693 998 pauca,

278 1023 384 1061 quae
399 1011 577 1061 epistula
591 1011 691 1049 haec
708 1011 1010 1061 complectitur,
1027 1011 1110 1050 fide
1124 1024 1208 1050 non
1223 1012 1347 1061 digna
1362 1024 1458 1050 esse.
1490 1013 1545 1050 At
1560 1012 1693 1050 neuti-

277 1087 404 1125 quam
443 1075 583 1114 omnia
620 1075 905 1120 concedemus,
946 1079 992 1114 ut
1031 1087 1130 1114 sane
1168 1075 1501 1116 tonfirmandum
1537 1076 1591 1114 sit
1630 1075 1693 1114 his

276 1139 425 1177 litteris
443 1139 663 1189 permulta,
682 1151 789 1189 quae
806 1144 1037 1178 memoratu
1055 1140 1234 1178 maxime
1251 1140 1375 1189 digna
1391 1140 1487 1184 sint,
1505 1140 1691 1184 inveniri,

277 1214 361 1253 qua
379 1202 423 1241 in
442 1214 485 1240 re
506 1203 560 1241 ad
579 1203 687 1241 hunc
708 1203 818 1241 diem
838 1207 1114 1253 congruerunt
1134 1204 1364 1242 sententiae
1383 1203 1568 1242 omnium
1587 1203 1692 1242 viro-

278 1280 371 1306 rum
396 1267 628 1307 doctorum.
684 1268 803 1306 Nunc
832 1281 929 1306 vero
955 1281 1029 1307 nos
1056 1273 1359 1319 perscrutemur
1385 1281 1491 1319 quae
1517 1268 1694 1318 epistula

277 1331 396 1370 nobis
426 1331 673 1376 servaverit;
706 1343 752 1368 ac
784 1331 963 1381 primum
993 1331 1161 1382 quidem
1190 1332 1453 1382 explicemus,
1485 1332 1693 1382 quomodo

276 1395 583 1445 impugnaverit
610 1395 812 1445 epistulae
838 1400 981 1434 auctor
1008 1396 1234 1436 Isocratem
1259 1396 1426 1447 eiusque
1451 1396 1690 1446 discipulos;

275 1459 424 1499 deinde
437 1459 595 1510 reliqua
608 1472 714 1510 quae
727 1459 894 1498 exhibet
908 1459 1085 1510 epistula
1099 1459 1382 1498 memorabilia
1396 1460 1689 1499 examinemus.

409 1534 601 1585 Epistula
636 1538 711 1580 est,
749 1539 795 1573 ut
830 1534 931 1573 satis
965 1538 1145 1580 constat,
1180 1535 1353 1581 libellus,
1390 1548 1513 1587 quem
1548 1539 1692 1574 auctor

277 1599 518 1649 conscripsit
545 1599 588 1638 in
610 1599 804 1637 Isocratis
834 1599 1077 1644 orationem,
1105 1612 1211 1650 quae
1230 1600 1467 1639 inscribitur
1489 1598 1691 1645 Φίλιππος,

278 1675 387 1703 anno
408 1666 483 1702 346
503 1675 538 1701 a.
561 1663 651 1702 Chr.
674 1676 712 1702 n.
735 1663 788 1701 ad
807 1663 1045 1713 Philippum
1064 1663 1249 1709 missam
1270 1665 1345 1702 hac
1365 1664 1577 1704 occasione
1595 1677 1692 1703 usus

277 1732 338 1766 est
367 1726 723 1779 epistolographus
750 1740 833 1766 non
854 1727 977 1765 modo
1000 1727 1238 1772 Isocratem,
1266 1728 1338 1766 sed
1357 1728 1539 1766 scholam
1558 1728 1692 1778 ipsam

275 1792 580 1842 discipulosque
598 1792 772 1830 oratoris
792 1792 1057 1831 vehementer
1074 1792 1357 1842 impugnandi.
1403 1792 1517 1843 Quae
1535 1792 1691 1831 iudicat

274 1856 326 1895 de
354 1856 541 1894 oratione
568 1855 651 1900 illa,
681 1868 833 1905 magna
861 1868 911 1893 ex
940 1859 1059 1905 parte
1088 1868 1113 1892 a
1140 1868 1238 1894 vero
1267 1856 1432 1901 absunt,
1463 1868 1557 1894 cum
1586 1868 1692 1906 quae

276 1921 487 1971 vituperat
506 1919 558 1958 de
577 1920 763 1958 oratione
781 1919 866 1958 iam
885 1919 974 1958 aliis
992 1920 1155 1970 regibus
1174 1918 1332 1970 missa2)
1349 1923 1441 1959 tum
1459 1920 1510 1958 de
1529 1924 1690 1960 senten-

274 1985 356 2029 tiis,
375 1996 483 2035 quae
499 1985 542 2022 in
560 1985 747 2022 oratione
764 1984 834 2022 illa
851 1984 1186 2033 pronuntiantur.
1223 1985 1278 2022 At
1296 1985 1597 2034 respiciendum
1615 1988 1689 2029 est,

274 2049 426 2102 quibus
455 2049 507 2088 de
535 2049 669 2088 causis
699 2052 745 2087 ut
775 2049 850 2087 has
880 2048 1040 2088 litteras
1069 2052 1347 2100 componeret,
1377 2051 1608 2088 commotus
1637 2049 1690 2088 sit

275 2155 422 2189 Φίλιππος
443 2156 494 2188 διὰ
512 2155 682 2188 Πλάτωνος
703 2156 796 2196 ἔσχεν
818 2156 854 2187 in
877 2159 1073 2197 πυνθάνομαι
1097 2179 1104 2186 .
1123 2180 1130 2188 .
1152 2179 1159 2187 .
1185 2157 1223 2187 οὐ
1250 2155 1419 2187 Πλάτωνος
1441 2156 1497 2197 τὴν
1521 2156 1621 2198 ἀρχὴν
1636 2159 1694 2197 τῆς

274 2211 376 2252 ἀρχῆς
397 2211 446 2242 ἐπὶ
472 2209 622 2252 Περδίκκᾳ
640 2233 647 2241 .
666 2233 674 2241 .
693 2234 701 2241 .
722 2220 744 2246 .;
770 2210 858 2242 alter
881 2210 1032 2250 (Griech.
1057 2208 1358 2250 Literaturgesch.
1386 2208 1418 2240 d.
1445 2207 1635 2240 Alexandr.
1653 2207 1691 2239 II

275 2274 306 2305 p.
323 2263 401 2303 586)
433 2263 598 2304 opinatur
626 2262 769 2294 Laertio
800 2263 964 2305 Diogene
996 2265 1088 2296 teste
1120 2262 1288 2304 epistulas
1323 2264 1465 2293 tantum
1498 2261 1690 2301 exstitisse,

275 2327 364 2359 quae
381 2316 569 2360 Speusippi
593 2317 736 2349 nomine
761 2317 947 2359 inscriptae
970 2317 1132 2355 fuissent,
1157 2314 1220 2348 sed
1235 2325 1339 2348 verae
1364 2325 1408 2347 an
1431 2314 1585 2347 ficticiae
1610 2314 1690 2353 sint,

273 2371 446 2403 incertum
473 2380 566 2407 esse;
598 2370 667 2402 hoc
692 2380 804 2402 unum
834 2373 994 2403 constare
1018 2370 1221 2413 Carystium
1251 2369 1390 2402 novisse
1414 2371 1450 2400 et
1473 2368 1632 2401 Platonis
1655 2370 1691 2400 et

277 2424 463 2467 Speusippi
494 2424 722 2457 collectiones
746 2423 986 2466 epistularum,
1017 2427 1058 2456 ut
1083 2423 1228 2456 dubium
1251 2423 1284 2455 ei
1307 2432 1376 2454 non
1401 2421 1575 2460 videatur,
1607 2422 1690 2463 quin

274 2477 364 2510 duae
386 2478 452 2510 hae
476 2477 648 2520 epistulae
673 2477 717 2510 ad
732 2477 931 2520 Philippum
954 2477 1056 2519 datae
1080 2477 1195 2510 eidem
1220 2476 1421 2508 collectioni
1436 2474 1690 2508 adiudicandae

274 2531 408 2564 fuerint
420 2534 525 2574 atque
536 2531 623 2563 haec
636 2532 787 2573 epistula
799 2541 820 2563 a
832 2531 971 2563 rhetore
983 2530 1147 2574 prudenti
1160 2533 1267 2572 atque
1276 2528 1415 2561 erudito
1425 2529 1618 2571 composita
1630 2529 1688 2561 sit.

405 2586 439 2626 1)
462 2585 715 2619 Constantinus
739 2585 866 2624 Ritter,
889 2584 990 2618 Neue
1015 2583 1228 2619 Untersuch.
1255 2582 1341 2615 iiber
1363 2582 1501 2620 Platon,
1526 2581 1688 2617 Monaeh.

275 2639 368 2678 1910,
390 2650 422 2682 p.
441 2639 503 2671 381
514 2649 565 2681 sq.

400 2693 438 2734 2)
462 2692 532 2725 vid.
560 2691 688 2729 Obens,
712 2692 735 2724 l.
764 2702 792 2725 c.
816 2702 848 2735 p.
866 2692 916 2725 37.

2086 3165 2099 3211 θ’
