2138 3299
303 515 342 551 et
370 513 586 562 postremis
616 512 760 553 diebus
782 513 973 564 magistri,
1004 513 1081 552 illis
1109 513 1372 564 supponendi
1393 513 1714 564 epistolographi

304 576 365 615 usi
394 580 488 616 sunt
515 579 626 628 (epp.
661 577 836 628 l4sqq.).

670 695 706 733 4.
737 694 809 734 De
837 694 1051 734 familia
1081 694 1343 734 Socratis.

433 768 625 809 Familiae
646 768 821 809 Socratis
849 770 977 810 tribus
996 769 1096 810 locis
1126 771 1277 811 mentio
1298 771 1359 810 fit:
1391 781 1483 821 epp.
1506 771 1543 809 3.
1566 771 1628 810 21.
1651 771 1714 810 29.

304 833 339 873 ls
367 834 436 883 qui
466 834 678 884 epistulam
700 833 724 872 3
755 834 1047 884 conscripserit,
1085 834 1179 874 dicit
1208 835 1305 873 nihil
1337 835 1431 873 nisi:
1470 840 1545 872 τῶν
1575 835 1715 884 δ’ἐμῶν

307 896 348 946 (ἰ.
371 907 404 936 e.
435 896 626 945 Socratis)
665 896 876 947 Ξανθίππη
916 899 984 949 μὲν
1013 899 1080 936 καὶ
1108 899 1155 936 τὰ
1192 898 1379 948 παιδάρια
1409 899 1574 949 ἔρρωται
1606 930 1611 935 .
1646 929 1653 937 .
1686 910 1714 944 .;

306 961 345 1000 in
376 961 547 1012 epistula
577 961 622 1000 21
656 961 878 1002 Aeschines
906 973 950 1002 se
978 962 1236 1013 Xanthippen
1266 963 1490 1002 adiuturum
1514 974 1603 1002 esse
1629 963 1715 1014 pol-

305 1025 451 1065 licetur.
491 1025 621 1065 Verba
652 1037 756 1076 quae
786 1027 972 1077 leguntur
1001 1027 1041 1066 in
1071 1027 1323 1078 paragrapho
1355 1027 1499 1078 prima:
1529 1027 1646 1077 ἡνίκα
1676 1026 1709 1065 δ’

306 1090 352 1128 ἂν
371 1090 405 1128 οἱ
434 1090 568 1135 παῖδες
588 1090 760 1129 ἐθέλοιεν
782 1089 874 1141 παρ’
901 1091 1004 1142 ἡμᾶς
1034 1091 1141 1139 ἰέναι,
1172 1092 1224 1142 μὴ
1245 1091 1373 1129 κώλυε
1390 1102 1398 1111 ·
1415 1093 1458 1129 οὐ
1487 1093 1562 1141 γὰρ
1583 1091 1716 1141 πόρρω

306 1155 407 1192 ἔστιν
438 1153 533 1192 ἰέναι
562 1155 613 1200 εἰς
632 1154 809 1205 Μέγαρα,
840 1155 862 1193 i.
885 1166 920 1194 e.
947 1154 1127 1202 Athenis,
1157 1166 1240 1195 non
1262 1154 1467 1202 Scillunte,
1498 1160 1540 1194 ut
1561 1155 1717 1205 opinari

306 1218 433 1268 possit
470 1219 538 1268 qui
575 1218 888 1269 Xenophontem
928 1223 1131 1258 auctorem
1169 1230 1257 1258 esse
1295 1229 1532 1269 persuasum
1572 1218 1718 1258 habeat

307 1304 352 1310 —
376 1282 423 1321 cf.
441 1292 546 1332 quae
572 1284 663 1321 ante
688 1282 867 1334 (p.9sq.)
891 1282 1064 1322 diximus
1086 1304 1125 1308 —
1147 1283 1295 1322 docent
1314 1282 1490 1322 Socratis
1509 1282 1715 1322 mulierem

306 1346 450 1385 morari
479 1344 658 1391 Athenis,
701 1357 790 1385 cum
822 1346 1010 1386 Euclides
1039 1351 1077 1386 et
1104 1346 1301 1397 Terpsion
1330 1346 1592 1396 Megarenses
1621 1357 1716 1385 con-

306 1410 440 1449 sulant
469 1410 505 1449 ei
525 1410 741 1460 liberisque
762 1410 950 1461 magistri.
987 1432 1029 1437 —
1062 1410 1354 1460 Argumentum
1380 1411 1499 1449 huius
1521 1410 1716 1461 epistulae

306 1473 628 1524 contemplantes
656 1474 772 1514 valde
809 1484 1132 1514 commovemur:
1165 1474 1411 1525 Xanthippe,
1450 1485 1554 1525 quae
1591 1475 1715 1524 vulgo

306 1538 357 1577 ab
395 1539 586 1577 omnibus
624 1538 803 1588 partibus
842 1539 1122 1578 detrahebatur
1159 1541 1196 1577 et
1230 1538 1485 1577 minuebatur
1521 1538 1716 1588 cuiusque

305 1603 412 1641 fama
442 1602 482 1641 in
513 1602 730 1642 obscurum
771 1602 916 1642 deduci
946 1603 1061 1649 solet,
1100 1604 1139 1641 in
1172 1604 1246 1642 hac
1275 1603 1446 1652 epistola
1477 1614 1559 1642 non
1591 1602 1716 1641 modo

306 1665 357 1705 ab
387 1666 528 1705 amicis
547 1665 723 1706 Socratis
751 1666 947 1711 laudatur,
979 1666 1052 1706 sed
1072 1667 1191 1705 etiam
1215 1667 1403 1705 audimus
1425 1666 1532 1705 illam
1555 1677 1717 1704 summo

307 1733 344 1769 et
372 1729 632 1769 acerbissimo
663 1729 802 1769 dolore
832 1730 1028 1780 opprimi:
1067 1735 1141 1768 τῶν
1172 1731 1214 1768 δὲ
1243 1730 1396 1768 πολλῶν
1435 1743 1495 1767 σοι
1524 1730 1718 1779 δακρύων,

307 1794 337 1831 ὡ
378 1793 513 1844 ’γαθὴ,
555 1793 659 1839 ἅλις;
704 1793 812 1833 unde
851 1799 1016 1845 apparet
1059 1794 1290 1834 auctoribus
1330 1794 1590 1844 epistularum
1634 1805 1717 1833 non

307 1857 478 1897 eandem
510 1857 560 1897 de
579 1857 836 1908 Xanthippae
857 1859 1037 1898 moribus
1058 1863 1097 1898 et
1117 1858 1411 1898 consuetudine
1441 1869 1531 1897 curn
1554 1857 1716 1897 Socrate

306 1922 545 1961 sententiam
576 1921 698 1961 fuisse
728 1933 775 1961 ac
797 1922 931 1962 hodie.
961 1922 1143 1974 Plerique
1173 1922 1279 1962 enim
1311 1921 1582 1969 existimantl)
1611 1921 1717 1961 Xan-

305 1986 473 2036 thippen
505 1987 703 2033 omnium,
733 1997 836 2036 quae
857 1986 1003 2025 fuerint
1022 1998 1201 2037 unquam
1232 1989 1300 2025 aut
1319 1986 1474 2025 futurae
1501 1986 1592 2032 sint,
1623 1997 1719 2025 con-

305 2050 634 2090 tentiosissimam
684 2050 1099 2102 ligitiosissimamque
1149 2052 1344 2090 excetram
1394 2050 1531 2089 fuisse.
1602 2049 1719 2098 Quae

307 2114 492 2154 affirmari
528 2115 712 2154 videntur
748 2115 911 2154 duobus
939 2115 1053 2159 locis,
1092 2126 1197 2165 quos
1235 2115 1417 2153 invenies
1446 2114 1556 2165 apud
1586 2113 1719 2153 Xeno-

307 2179 522 2229 phontem:
560 2178 730 2219 Conviv.
760 2179 787 2218 ΙΙ
815 2179 874 2227 10,
913 2179 982 2219 ubi
1010 2178 1269 2219 Antisthenes
1297 2181 1417 2218 verba
1447 2178 1541 2218 facit
1568 2178 1618 2217 de
1647 2191 1719 2229 χα-

307 2243 511 2294 λεπωτάτῃ
541 2243 716 2283 Socratis
747 2255 882 2289 uxore,
912 2248 951 2283 et
967 2244 1218 2284 Memorabil.
1250 2244 1344 2290 11,2‚
1361 2244 1398 2289 7,
1428 2243 1497 2282 ubi
1525 2243 1716 2292 legimus:

306 2307 430 2353 οὐδεὶς
464 2309 511 2345 ἂν
549 2308 701 2346 δύναιτο
740 2310 858 2358 αὐτῆς
895 2308 1145 2359 ἀνασχέσθαι
1179 2309 1249 2358 τὴν
1286 2307 1534 2359 χαλεπότητα
1580 2305 1716 2354 (verba

307 2373 400 2410 sunt
421 2371 680 2422 Lamproclis,
700 2372 771 2412 filii
791 2372 996 2420 Socratis),
1033 2373 1176 2423 Neque
1197 2383 1291 2411 vero
1313 2372 1453 2410 mirum
1477 2381 1564 2409 esse
1586 2372 1717 2419 potest

306 2434 578 2486 Xanthippen‚
618 2438 659 2475 ut
688 2440 770 2476 erat
797 2435 984 2476 Socrates
1012 2436 1226 2487 singularis
1255 2437 1292 2474 et
1322 2433 1512 2473 mirabilis
1540 2434 1609 2479 vir,
1647 2432 1715 2483 qui

308 2499 501 2538 omnibus
533 2500 654 2539 rebus
690 2501 821 2550 magis
857 2500 1093 2540 consulebat
1129 2510 1251 2550 quam
1287 2502 1329 2537 ut
1364 2497 1540 2536 familiae
1569 2497 1715 2536 victum

308 2566 347 2602 et
366 2564 561 2614 pecunias
581 2565 799 2615 praeberet,
830 2575 952 2615 saepe
983 2575 1064 2603 non
1087 2563 1223 2602 mitem
1253 2561 1396 2607 fuisse;
1427 2563 1466 2601 at
1490 2565 1716 2612 temporum

440 2705 472 2746 1)
496 2703 619 2742 Cobet,
649 2703 670 2737 l.
698 2713 741 2742 c.,
768 2714 800 2746 p.
822 2704 922 2745 5sssq.
948 2702 1285 2746 Bentley-Ribbeck,
1309 2712 1341 2744 p.
1360 2702 1439 2735 553.

1507 2756 1526 2786 2
