2138 3299
941 345 1197 386 —38—

512 476 571 511 16.
603 472 855 511 Aeschinis
884 473 1221 511 commentarii
1249 476 1296 510 et
1325 472 1615 512 Alcibiades.

498 537 604 576 Tum
631 536 915 587 quaerendum
942 540 1018 581 est,
1052 549 1152 575 num
1179 536 1381 586 epistulae
1415 539 1464 574 22
1495 536 1604 576 Socr.
1643 540 1787 576 auctor

365 600 611 650 cogitaverit
626 601 677 639 de
697 600 1005 638 commentariis
1020 600 1232 638 Aeschinis
1250 600 1447 639 Socratici
1469 600 1608 639 dicens
1623 613 1784 650 paragr.

372 668 408 703 l:
442 671 516 705 τῶν
537 666 580 704 δὲ
601 666 913 718 συγγραμμάτων
943 667 1049 704 οὔπω
1070 679 1103 704 τι
1133 667 1236 717 εἶχον
1262 672 1420 709 τοιοῦτο,
1452 667 1551 704 ὥστε
1571 666 1638 704 καὶ
1659 665 1788 711 ἄλλοις

369 732 532 782 θαρρεῖν
553 731 748 770 δεικνύναι
768 731 858 782 δίχα
879 733 984 783 ἐμοῦ,
1016 731 1066 777 ὡς
1085 736 1273 781 παροῦσιν
1303 731 1389 782 ὑμῖν
1410 731 1517 770 ἔνδον
1547 732 1586 769 ἐν
1606 736 1658 781 τῷ
1678 731 1785 781 οἴκῳ,

369 798 469 835 ἔνθα
497 796 712 847 Εὐκλείδης
741 795 954 840 κατέκειτο,
986 795 1162 848 ἀσμένως
1191 795 1427 846 ἐλέσχαινον.
1475 794 1540 833 Ad
1569 795 1668 832 haec
1692 805 1786 832 con-

368 859 476 898 feras
511 860 639 898 verba
674 859 868 909 Diogenis
904 859 1057 898 Laertii
1094 859 1220 897 1162:
1258 861 1390 898 τούτου
1427 859 1467 906 (i.
1487 872 1519 897 e.
1557 858 1786 907 Aeschinis)

369 926 454 970 τοὺς
492 924 693 974 διαλόγους
726 926 794 962 καὶ
835 923 1090 974 Ἀρίστιππος
1125 923 1347 961 ὑπώπτευεν
1367 936 1373 943 ·
1393 925 1434 962 ἐν
1468 929 1559 973 γοῦν
1596 923 1788 973 Μεγάροις

369 988 725 1037 ἀναγιγνώσκοντος
746 990 875 1030 αὐτοῦ,
906 1001 1002 1036 φασι
1023 988 1179 1036 σκῶψαι
1200 987 1354 1026 εἰπόντα
1373 999 1380 1007 ·
1400 987 1523 1026 πόθεν
1544 1000 1616 1029 σοι,
1646 987 1785 1037 λῃστά,

368 1057 488 1089 ταῦτα
498 1062 505 1095 ;
537 1063 588 1088 ex
613 1063 696 1101 quo
722 1054 838 1100 patet
870 1055 963 1100 post
992 1050 1171 1088 Socratis
1201 1054 1377 1088 mortem
1403 1050 1576 1100 Megaris
1606 1050 1787 1099 dialogos

373 1114 605 1153 Socraticos
632 1114 829 1153 recitatos
857 1114 990 1162 essel).
1048 1114 1112 1152 Ex
1139 1114 1317 1164 epistula
1348 1116 1395 1151 15
1423 1115 1461 1162 (ξ
1478 1116 1517 1162 2)
1546 1117 1719 1164 apparet
1746 1113 1787 1152 in

369 1178 439 1217 illa
461 1178 563 1217 urbe
585 1179 714 1217 etiam
736 1182 894 1217 ceteros
920 1178 1100 1216 Socratis
1124 1178 1345 1228 discipulos
1368 1178 1550 1227 dialogos
1573 1190 1668 1216 suos
1690 1177 1787 1216 reci-

370 1243 579 1291 tavisse²);
614 1242 881 1281 simulantem
915 1242 1190 1292 comperimus
1223 1242 1468 1280 Aeschinem
1501 1241 1570 1280 illo
1603 1245 1788 1292 tempore

371 1306 499 1344 verba
513 1310 554 1344 et
570 1306 683 1344 facta
701 1305 881 1345 Socratis
896 1306 1082 1344 nondum
1098 1306 1246 1344 litteris
1261 1306 1480 1351 mandasse
1497 1309 1574 1355 (ep.
1596 1308 1645 1344 22
1664 1307 1682 1354 §
1703 1304 1784 1354 l)⁸).

503 1369 677 1408 Etiamsi
722 1382 805 1408 non
850 1373 1142 1419 argumentum
1186 1369 1394 1419 profertur
1438 1369 1602 1419 dialogi,
1646 1373 1787 1408 tamen

369 1433 525 1472 mentio
542 1433 592 1472 fit
610 1434 780 1472 alterius
796 1433 1011 1472 Aeschinis
1028 1433 1120 1471 libri
1137 1433 1178 1471 in
1195 1433 1374 1483 epistula
1387 1435 1449 1478 23,
1467 1445 1551 1483 qua
1565 1433 1787 1472 Aeschines

370 1497 411 1535 in
448 1497 630 1536 Siciliam
663 1497 873 1547 profectus
909 1497 961 1535 ab
995 1497 1207 1547 Aristippo
1241 1497 1440 1547 Dionysio
1473 1497 1787 1536 commendatus

370 1561 593 1611 dialogum,
622 1561 694 1611 qui
720 1561 979 1613 Ἀλκιβιάδης
1006 1561 1230 1610 inscriptus
1257 1564 1333 1605 est,
1364 1561 1611 1599 recitaverit.
1653 1561 1788 1599 Verba

371 1629 470 1663 sunt
487 1625 606 1663 haec:
639 1627 746 1671 οὗτος
777 1625 816 1672 (i.
837 1638 869 1663 e.
891 1625 1131 1675 Dionysius)
1161 1628 1226 1663 οὖν
1248 1627 1416 1675 ἤκουσεν
1438 1632 1502 1663 τοῦ
1525 1624 1785 1676 Ἀλκιβιάδου,

370 1692 437 1728 καὶ
465 1690 604 1740 ἡσθεὶς
623 1690 673 1735 ὡς
692 1690 879 1740 ἐφαίνετο,
912 1690 1142 1740 παρεκάλει,
1173 1691 1241 1727 καὶ
1261 1691 1295 1728 εἴ
1311 1703 1407 1735 τινες
1437 1689 1546 1728 ἄλλοι
1575 1690 1669 1727 εἰσὶν
1697 1690 1786 1741 ἡμῖν

503 1808 534 1846 l)
558 1807 725 1839 Ceterum
756 1807 912 1848 antiquis
943 1806 1162 1849 temporibus
1188 1806 1329 1838 exstitit
1352 1805 1508 1837 Euclidis
1532 1805 1704 1848 dialogus,
1728 1807 1789 1848 qui

371 1860 562 1902 inscriptus
592 1863 667 1892 erat
690 1860 855 1903 Αἰσχίνης,
888 1871 957 1902 quo
982 1860 1078 1892 varia
1102 1859 1146 1892 de
1178 1859 1273 1892 illius
1298 1860 1373 1892 vita
1405 1864 1441 1891 et
1471 1858 1631 1893 doctrina
1660 1859 1787 1892 tradita

373 1912 483 1946 fuisse
507 1913 699 1945 verisimile
723 1917 787 1945 est.
840 1913 1003 1946 Fortasse
1027 1923 1105 1955 epp.
1130 1914 1181 1946 21.
1209 1914 1250 1945 22
1276 1914 1461 1945 continent
1486 1913 1665 1951 nonnulla,
1699 1923 1787 1954 quae

369 1977 414 1998 ex
439 1967 624 2000 Aeschinis
647 1967 786 2009 scriptis
811 1967 921 2009 petita
945 1970 1038 2003 sunt.
1068 1967 1113 1999 cf.
1140 1966 1177 2010 ἦν
1200 1968 1304 2009 λόγος,
1331 1968 1379 1999 ὅτι
1403 1969 1536 2010 πένητος
1558 1967 1788 2008 πλουσιώτερον

369 2022 463 2052 οὐδὲν
488 2021 540 2063 εἴη
567 2039 600 2044 —-
629 2021 716 2053 haec
738 2031 760 2052 a
784 2021 918 2053 comico
943 2024 1083 2062 sumpta.
1109 2031 1186 2054 esse
1213 2021 1337 2062 <οὐδὲν
1360 2022 1493 2063 πένητός
1514 2023 1581 2052 ἐστι
1602 2022 1788 2053 πλουσιώτε-

366 2077 456 2116 ρον)
483 2076 605 2106 censet
617 2073 785 2110 Cobetus,
798 2074 1042 2117 Mnemosyne,
1065 2074 1098 2106 X
1113 2074 1205 2111 1882,
1224 2085 1255 2116 p.
1273 2074 1324 2110 58,
1342 2073 1405 2106 sed
1422 2075 1526 2105 etiam
1544 2073 1587 2105 ad
1600 2074 1787 2106 Aeschinis

372 2126 555 2168 dialogum
579 2125 757 2169 quendam
787 2129 844 2167 (ut
866 2127 1027 2168 Calliam)
1051 2127 1172 2160 referri
1196 2137 1300 2170 posse
1324 2130 1427 2169 puto3
1458 2128 1530 2169 pari
1555 2126 1658 2159 modo
1681 2127 1788 2160 verba

371 2189 460 2220 quae
478 2182 677 2222 sequuntur
692 2181 858 2212 κινδυνεύω
881 2182 952 2222 γὰρ,
976 2183 1021 2214 ὡς
1042 2183 1116 2223 ὁρῶ,
1139 2183 1183 2223 μὴ
1207 2182 1303 2213 πολλὰ
1327 2182 1410 2221 ἔχων
1436 2182 1532 2213 πολλὰ
1556 2183 1724 2223 κεκτῆσθαι
1747 2180 1784 2212 δι’

372 2236 454 2273 ὑμᾶς
475 2235 550 2267 τοὺς
573 2235 686 2276 φίλους
737 2234 941 2266 Sententiae
967 2244 1116 2277 quoque,
1147 2245 1238 2277 quae
1260 2238 1344 2267 sunt
1367 2234 1409 2266 de
1434 2235 1532 2266 luctu
1558 2235 1626 2276 (ep.
1645 2235 1710 2275 21),
1744 2233 1787 2266 ad

371 2287 558 2320 Aeschinis
582 2287 763 2330 dialogum
787 2288 962 2329 quendam
986 2288 1097 2321 redire
1122 2291 1281 2331 possunt.

504 2342 537 2381 1)
561 2341 605 2374 cf.
632 2341 763 2379 Hirzel,
788 2341 920 2384 Dialog
944 2342 971 2377 Ι,
997 2353 1029 2384 p.
1047 2342 1099 2375 86.

501 2395 535 2436 2)
559 2395 612 2427 De
635 2395 886 2437 Xenophontis
917 2395 1202 2429 Memorabilibus
1237 2396 1406 2428 nonnulla
1441 2396 1548 2428 verba
1577 2395 1787 2428 afferuntur.

371 2448 481 2491 Epist.
503 2449 541 2481 15
566 2449 768 2491 Xenophon
789 2448 875 2481 dicit
891 2458 928 2481 se
951 2460 1090 2492 quoque
1113 2451 1169 2492 (ut
1181 2450 1410 2491 Aeschinem)
1426 2450 1603 2492 impellere
1619 2450 1786 2488 animum,

372 2505 414 2534 ut.
438 2502 566 2535 scribat
596 2504 767 2546 ἀπολογίαν
790 2504 985 2545 Σωκράτους
1008 2504 1154 2546 eiusque
1178 2503 1272 2537 dieta
1302 2506 1340 2536 et
1362 2503 1456 2537 facta
1482 2504 1609 2535 litteris
1634 2502 1786 2535 mandet.

372 2555 496 2597 Pergit
512 2556 696 2589 Platonem
713 2557 908 2589 insectans:
934 2559 1149 2598 θρυπτόμενος
1169 2559 1230 2600 γὰρ
1256 2560 1332 2599 πρὸς
1352 2559 1426 2589 τοὺς
1448 2558 1567 2593 καλοὺς,
1592 2569 1668 2599 φησι
1689 2558 1788 2599 μηδὲν

372 2609 452 2642 εἶναι
478 2612 594 2652 ποίημα
618 2611 727 2650 αὐτοῦ,
759 2611 954 2651 Σωκράτους
972 2613 1079 2650 μέντοι
1103 2614 1176 2644 νέου
1199 2613 1248 2644 καὶ
1271 2611 1366 2644 καλοῦ
1390 2612 1488 2644 ὄντος.
1524 2610 1568 2644 cf.
1600 2611 1706 2643 etiam
1731 2620 1785 2653 ep.

373 2663 425 2694 22.
453 2662 516 2704 Ep.
535 2663 575 2695 18
599 2663 799 2706 Xenophon
817 2663 919 2697 dicit:
944 2666 1110 2707 πεποίημαι
1127 2667 1163 2697 δέ
1178 2677 1246 2698 τινα
1267 2665 1572 2707 ἀπομνημονεύματα
1585 2665 1785 2706 Σωκράτους.
