2138 3299
962 352 1227 393 -30-

384 484 423 521 et
436 479 673 527 Xenocrate,
695 479 849 531 aliquot
865 481 985 521 verba
1001 480 1159 529 faciam,
1181 481 1294 533 quod
1315 481 1403 522 illae
1421 493 1589 534 quoque
1606 484 1802 535 epistulae

385 544 465 595 (32,
487 545 551 591 33,
572 544 641 592 34)
672 545 895 592 continent,
917 556 1021 596 quae
1039 550 1262 586 memoratu
1284 546 1407 596 digna
1428 547 1518 586 sint.
1549 546 1607 587 Ac
1626 548 1800 598 primum

384 609 548 661 quidem
580 609 786 657 docemur,
818 621 924 661 quae
954 610 1054 650 ratio
1076 610 1340 651 intercesserit
1358 609 1571 651 Xenocrati
1601 622 1692 652 cum
1714 611 1801 652 Pla·

383 679 500 714 tone:
530 684 624 725 epp.
645 673 697 713 32
718 675 760 724 (§
781 674 817 723 2,
839 674 893 725 3).
924 674 975 714 34
1005 676 1047 725 (§
1067 675 1121 726 2).
1151 674 1361 726 Diogenes
1381 675 1558 716 Laertius
1586 675 1635 715 IV
1649 676 1687 724 6,
1717 686 1800 727 quo

384 739 477 779 loco
516 738 567 779 de
603 738 828 779 Xenocrate
865 740 1011 779 iuvene
1049 751 1182 780 sermo
1221 742 1292 788 est,
1330 740 1444 780 dicit:
1487 741 1595 786 οὗτος
1631 741 1677 779 ἐκ
1713 740 1800 779 νέου

384 802 593 849 Πλάτωνος
607 804 799 854 ῆκουσεν;
820 802 1054 844 Athenaeus
1069 809 1203 844 autem
1223 804 1289 854 (lX
1303 804 1382 844 507
1393 804 1441 853 C)
1457 804 1574 844 tradit
1589 804 1799 845 Platonem

382 867 663 913 Xenocratem,
703 868 771 908 ubi
808 879 948 908 recens
976 867 1157 908 Athenas
1185 868 1417 909 advenisset
1452 873 1491 909 et
1519 870 1558 908 in
1588 868 1801 909 Aeschinis

383 932 638 983 disciplinam
680 942 723 971 se
763 932 1010 980 contulisset,
1052 932 1145 972 huic
1185 943 1280 972 mox
1316 932 1572 982 subtraxisse,
1613 933 1799 973 cuicum

380 995 581 1037 Aeschine
611 1007 821 1048 nunquam
853 996 959 1037 bene
989 997 1258 1037 convenisset.
1295 995 1356 1037 Ad
1388 998 1467 1038 hoc
1495 997 1546 1038 de
1575 997 1798 1039 Xenocrate

382 1060 562 1101 Platonis
591 1062 839 1101 amicissimo
876 1064 997 1112 atque
1027 1062 1228 1113 discipulo
1259 1061 1504 1102 conferenda
1542 1066 1635 1102 sunt
1663 1063 1798 1108 verba,

382 1136 488 1177 quae
508 1126 698 1176 leguntur
718 1125 829 1177 apud
849 1125 1062 1166 Aelianum
1082 1137 1161 1166 var.
1184 1125 1318 1166 histor.
1346 1125 1388 1166 111
1413 1126 1472 1166 19.
1493 1125 1579 1166 XIV
1597 1127 1634 1166 9.
1665 1126 1800 1167 Priore

382 1190 475 1229 loco
506 1190 543 1239 (ὁ
570 1189 734 1228 Πλάτων
764 1192 807 1228 οὐ
836 1190 1016 1240 προσίετο
1045 1192 1108 1228 τὸν
1129 1190 1253 1241 ἄνδρα
1283 1189 1582 1241 (Aristotelem),
1613 1191 1800 1242 προετίμα

383 1254 426 1292 δὲ
456 1256 572 1292 αὐτοῦ
603 1253 850 1305 Ξενοκράτην
887 1256 955 1292 καὶ
990 1254 1241 1293 Σπεύσιππον
1277 1256 1345 1292 καὶ
1375 1253 1575 1305 Ἀμύκλαν
1613 1256 1680 1292 καὶ
1715 1256 1800 1300 τοὺς

383 1317 538 1367 ἄλλους)
568 1318 834 1358 Xenocratem
866 1318 1039 1369 primum
1070 1322 1257 1358 vocatum
1288 1328 1377 1357 esse
1408 1318 1670 1358 memorabile
1700 1319 1799 1358 mihi

381 1382 547 1421 videtur.
582 1382 788 1422 Praeterea
818 1393 865 1421 ea
896 1393 968 1429 res,
999 1382 1112 1432 quod
1132 1381 1379 1422 Xenocrates
1408 1392 1488 1421 una
1519 1392 1610 1421 cum
1631 1381 1799 1421 Platone

382 1446 420 1485 in
452 1450 595 1486 terram
625 1445 802 1487 Siculam
841 1446 1189 1497 transmigravit1),
1229 1456 1416 1498 quaeque
1445 1445 1562 1486 tradit
1590 1445 1800 1497 Diogenes

380 1510 559 1550 Laertius
578 1510 628 1550 1V
649 1511 708 1559 ll,
738 1513 861 1551 testes
882 1515 976 1551 sunt
994 1510 1260 1551 Xenocratem
1281 1510 1440 1551 Platoni
1459 1510 1576 1550 valde
1597 1510 1797 1551 adfectum

381 1574 518 1614 fuisse.
549 1574 757 1626 Epistulae
777 1574 1005 1615 Socraticae
1026 1575 1143 1615 etiam
1167 1575 1342 1626 amplius
1370 1574 1558 1614 afferunt:
1588 1574 1798 1615 Platonem

383 1639 634 1680 desiderasse
663 1639 929 1679 Xenocratem
960 1643 1053 1690 post
1083 1643 1252 1679 mortem
1283 1639 1390 1678 iuxta
1419 1649 1462 1678 se
1493 1637 1656 1690 deponi.
1703 1639 1797 1679 ltem

383 1702 494 1742 aliud
532 1705 591 1742 est
628 1703 1052 1743 commemorandum:
1101 1702 1378 1753 Speusippum
1417 1702 1630 1742 arcessisse
1664 1702 1798 1742 Xeno-

383 1769 542 1816 cratem,
582 1771 624 1808 ut
661 1767 883 1819 susciperet
913 1767 1094 1808 scholam
1125 1766 1410 1808 Academicam
1442 1766 1675 1818 regendam,
1704 1767 1800 1808 satis

381 1831 595 1881 constat²);
632 1843 767 1883 neque
795 1843 890 1871 vero
923 1835 1064 1871 notum
1095 1834 1166 1879 est,
1206 1831 1318 1882 quod
1355 1831 1551 1882 epistulae
1580 1831 1631 1870 32
1662 1833 1800 1871 auctor

380 1896 541 1947 profert,
572 1896 611 1936 id
640 1896 788 1936 factum
820 1906 909 1936 esse
939 1898 1101 1948 propter
1128 1895 1308 1936 Platonis
1338 1895 1445 1935 iussa
1485 1895 1565 1943 (διὰ
1594 1896 1663 1946 τὴν
1692 1894 1798 1934 Πλά-

379 1974 497 2007 τωνος
527 1960 715 2011 ἐντολήν).

510 2025 669 2065 Praeter
698 2026 777 2066 hoc
804 2024 1125 2076 epistolographi
1155 2025 1231 2065 sibi
1253 2027 1550 2076 proposuerant
1577 2023 1799 2076 Speusippi

380 2091 569 2130 morbum
607 2090 844 2136 describere,
882 2094 1002 2140 atque
1040 2100 1129 2129 cum
1167 2090 1381 2141 scriptores
1416 2090 1574 2128 veteres
1611 2089 1798 2140 permulti

381 2155 569 2195 certiores
606 2165 684 2195 nos
718 2154 867 2194 faciant
903 2154 952 2194 de
982 2159 1149 2205 aegroto
1188 2154 1309 2194 huius
1346 2153 1583 2205 philosophi
1618 2155 1798 2205 corporis

381 2223 498 2266 statu,
530 2221 572 2259 ut
601 2219 810 2271 Diogenes
830 2219 1009 2259 Laertius
1038 2219 1087 2259 1V
1106 2219 1130 2259 3
1159 2220 1238 2270 ἤδη
1269 2219 1312 2258 δὲ
1340 2219 1414 2257 ὑπὸ
1443 2218 1702 2269 παραλύσεως
1730 2219 1798 2257 καὶ

379 2285 421 2322 τὸ
444 2289 557 2336 σῶμα
579 2284 792 2335 διέφθαρτο
822 2283 1024 2330 (conferas
1044 2284 1177 2332 verba,
1206 2295 1311 2335 quae
1331 2283 1422 2324 fecit
1443 2286 1582 2323 auctor
1601 2283 1798 2334 epistulae

380 2411 491 2444 Akad.
522 2412 619 2449 1901,
652 2422 684 2454 p.
704 2412 826 2453 95sq.;
860 2410 1013 2453 Abbdlg.
1048 2411 1081 2444 d.
1113 2411 1218 2455 Bayr.
1243 2411 1354 2444 Akad.
1393 2413 1491 2452 1886,
1521 2411 1622 2445 t.1⁶.
1657 2410 1797 2442 Platon.

380 2465 541 2504 Studien,
564 2476 596 2507 p.
613 2467 678 2498 507
687 2476 738 2507 sq.

513 2520 545 2561 1)
567 2518 673 2562 Diog.
697 2519 737 2551 L.
771 2518 823 2551 IV
851 2520 881 2552 6.
914 2519 965 2550 11.
997 2518 1074 2551 Ael.
1107 2529 1140 2551 v.
1166 2519 1200 2551 h.
1226 2517 1325 2552 XIV.
1353 2519 1385 2551 9.
1417 2518 1533 2551 Valet.
1555 2517 1648 2550 Max.
1679 2517 1740 2550 IV.
1770 2517 1797 2549 1.

380 2572 445 2606 Ed.
470 2572 595 2611 Zeller,
618 2573 706 2611 112⁴,
730 2585 764 2616 p.
784 2574 864 2612 988,
888 2571 968 2606 adn.
991 2575 1018 2605 1.

511 2628 547 2668 2)
571 2627 679 2670 Diog.
694 2628 733 2660 L.
749 2628 811 2659 IV.
829 2628 859 2659 3.
873 2627 1042 2659 Themist.
1059 2637 1107 2659 or.
1122 2627 1211 2659 XXI
1226 2638 1258 2669 p.
1275 2626 1396 2664 255135
1415 2626 1456 2659 cf.
1473 2625 1585 2658 Index
1598 2626 1793 2668 philosoph.

379 2681 670 2719 academicorum,
695 2679 786 2714 edid.
813 2680 948 2724 Segofr.
974 2679 1116 2718 Mekler,
1145 2681 1242 2721 1901,
1267 2692 1298 2724 p.
1319 2681 1373 2713 38.
