2138 3299
847 295 1116 338 -63-

275 431 429 467 auctor.
474 428 569 468 Tria
589 432 686 469 sunt
709 431 934 473 momenta,
957 440 1063 480 quae
1085 426 1227 467 affert:
1251 424 1487 478 Ἰσοκράτης
1513 426 1582 478 μὲν
1610 428 1685 477 γὰρ

274 493 360 531 οὔτε
394 494 461 539 τὰς
497 493 549 539 εἰς
584 493 653 544 τὴν
688 491 862 531 Ἑλλάδα
896 492 1105 544 γενομένας
1141 492 1365 544 εὐεργεσίας
1402 492 1476 530 ὑπὸ
1513 497 1583 530 σοῦ
1619 492 1688 529 καὶ

274 563 347 596 τῶν
384 562 462 596 σῶν
497 557 695 608 προγόνων
733 555 968 607 δεδήλωκεν,
1003 558 1090 595 οὔτε
1125 558 1193 603 τὰς
1228 556 1301 596 ὑπό
1337 569 1446 595 τινων
1483 557 1586 594 κατὰ
1617 560 1686 594 σοῦ

272 621 531 673 γεγενημένας
570 620 751 672 διαβολὰς
796 619 970 667 λέλυκεν,
1018 622 1104 658 οὔτε
1144 620 1350 666 Πλάτωνος
1397 622 1437 658 ἐν
1476 625 1552 666 τοῖς
1590 621 1686 671 πρὸς

274 686 319 723 σὲ
365 686 577 737 πεμφθεῖσι
622 684 748 736 λόγοις
795 684 1026 735 ἀπέσχηται.
1100 685 1203 724 Miro
1253 684 1377 723 modo
1418 686 1518 723 haec
1560 685 1686 723 tertia

272 750 506 791 criminatio
529 751 606 789 hac
631 750 809 801 epistula
831 762 915 789 non
938 749 1114 801 amplius
1138 749 1381 801 explicatur,
1404 748 1556 800 illaque
1579 761 1686 799 quae

272 815 381 865 prior
405 814 593 859 affertur,
618 814 824 854 nonnullis
848 818 1016 854 tantum
1040 813 1174 853 verbis
1200 815 1238 863 (ἓ
1254 816 1295 862 4)
1319 813 1566 859 declaratur,
1591 825 1685 852 cum

270 878 322 917 de
342 891 403 924 ea,
426 890 532 929 quae
553 878 685 929 primo
706 878 794 917 loco
815 878 1002 924 affertur,
1022 891 1145 929 saepe
1164 882 1206 917 et
1227 878 1429 929 copiosius
1449 877 1684 917 disseruerit

270 943 637 993 epistolographus.
689 943 778 981 Hoc
805 943 957 982 crimen
982 942 1118 982 verbis
1143 942 1341 982 orationis
1367 941 1560 982 Isocratis
1583 942 1683 994 ipsis

269 1006 495 1052 refutatum
517 1018 616 1045 nam
636 1007 737 1057 quid
757 1006 834 1045 sibi
854 1006 1112 1057 proposuerit
1132 1007 1238 1044 hanc
1260 1007 1490 1044 orationem
1509 1007 1682 1045 conscri-

270 1070 382 1115 bens,
401 1070 601 1108 Isocrates
617 1070 717 1109 dicit
737 1071 780 1109 in
795 1071 931 1121 capite
947 1071 1023 1119 61):
1055 1068 1195 1109 Μέλλω
1224 1071 1315 1122 γάρ,
1331 1083 1391 1108 σοι
1412 1068 1682 1121 συμβουλεύειν

269 1138 485 1183 προστῆναι
523 1138 591 1183 τῆς
629 1146 671 1171 τε
709 1139 784 1172 τῶν
830 1132 1026 1184 Ἑλλήνων
1066 1133 1243 1184 ὁμονοίας
1282 1135 1350 1171 καὶ
1391 1139 1459 1182 τῆς
1498 1134 1560 1172 ἐπὶ
1598 1136 1684 1179 τοὺς

270 1196 487 1249 βαρβάρους
517 1197 730 1248 στρατείας.
777 1198 858 1236 ἔστι
886 1197 929 1236 δὲ
957 1198 998 1235 τὸ
1029 1198 1098 1249 μὲν
1126 1196 1276 1236 πείθειν
1306 1197 1401 1248 πρὸς
1429 1197 1515 1242 τοὺς
1535 1194 1683 1247 Ἕλλη-

270 1274 338 1306 νας
367 1262 574 1313 συμφέρον,
613 1263 655 1299 τὸ
685 1263 728 1300 δὲ
757 1262 964 1313 βιάζεσθαι
993 1263 1087 1311 πρὸς
1116 1264 1201 1308 τοὺς
1229 1261 1447 1313 βαρβάρους
1474 1260 1680 1312 χρήσιμον.

269 1325 295 1375 ἡ
325 1326 392 1376 μὲν
421 1327 487 1364 οὖν
516 1325 700 1377 περιβολὴ
738 1327 879 1372 παντὸς
907 1331 973 1364 τοῦ
1001 1325 1117 1376 λόγου
1146 1325 1302 1376 τοιαύτη
1339 1325 1393 1371 τίς
1422 1326 1536 1363 ἐστιν.
1596 1325 1681 1364 Iso-

269 1394 425 1428 cratem
442 1390 568 1440 igitur
587 1402 920 1435 commemorare,
950 1403 1056 1441 quae
1074 1403 1158 1430 non
1178 1391 1231 1429 ad
1250 1403 1310 1435 ea,
1341 1402 1448 1441 quae
1466 1390 1509 1428 in
1541 1390 1679 1429 animo

268 1454 483 1500 habuerat,
517 1455 782 1505 pertinerent,
814 1466 977 1494 necesse
1007 1465 1091 1494 non
1122 1458 1222 1493 erat.
1288 1454 1432 1505 Neque
1462 1453 1550 1493 iure
1576 1454 1677 1492 dicit

268 1522 411 1557 auctor
446 1519 645 1569 epistulae
684 1519 917 1559 Socraticae
951 1520 989 1568 (ξ
1011 1520 1070 1567 4);
1115 1520 1233 1563 οὕτως
1260 1519 1336 1568 γὰρ
1367 1519 1412 1556 ἂν
1442 1519 1462 1556 ὁ
1491 1518 1580 1568 περὶ
1608 1523 1679 1556 σοῦ

265 1582 425 1633 γραφεὶς
460 1581 571 1633 λόγος
606 1587 674 1633 τῆς
707 1584 816 1633 παρὰ
851 1587 925 1621 τῶν
969 1580 1166 1634 Ἑλλήνων
1202 1582 1350 1628 εὐνοίας
1386 1583 1499 1633 ἔτυχε
1532 1582 1678 1634 μᾶλλον

267 1646 293 1697 ἢ
334 1647 454 1698 μηδὲν
495 1647 647 1697 ἀγαθὸν
694 1648 782 1697 περὶ
827 1652 895 1697 τῆς
935 1647 1121 1698 ὑμετέρας
1161 1646 1357 1699 βασιλείας
1397 1646 1583 1693 εἰπόντος;
1635 1652 1678 1686 at

268 1711 469 1750 Isocrates
506 1711 784 1762 compluribus
818 1712 915 1750 locis
950 1723 1044 1751 cum
1073 1712 1293 1751 Herculem
1328 1716 1420 1750 tum
1456 1712 1555 1750 alios
1585 1712 1678 1750 Phi-

266 1776 367 1826 lippi
397 1776 570 1814 maiores
607 1776 894 1815 nominaverat
924 1788 1147 1826 eorumque
1181 1788 1245 1814 res
1274 1780 1410 1826 gestas
1439 1776 1674 1814 sustulerat.

273 1838 393 1890 Quod
412 1839 465 1877 ad
483 1839 775 1878 illustrandum
793 1851 1069 1879 commemoro
1088 1840 1215 1878 verba
1234 1839 1431 1878 orationis
1451 1839 1504 1878 ad
1525 1839 1677 1890 Philip-

266 1915 366 1953 pum
385 1903 533 1942 missae
552 1915 640 1954 cap.
664 1906 724 1950 12,
745 1904 816 1943 ubi
837 1904 1038 1943 Isocrates
1058 1916 1141 1955 qua
1159 1904 1461 1943 necessitudine
1480 1903 1677 1943 Hercules

265 1967 509 2006 coniunctus
531 1972 635 2006 esset
658 1980 753 2006 cum
767 1968 892 2007 variis
909 1969 1160 2007 Graecorum
1175 1968 1416 2007 civitatibus
1432 1968 1674 2018 explicavit:

264 2043 397 2082 neque
438 2032 625 2071 Herculis
665 2032 866 2072 beneficia
904 2032 1038 2079 effert,
1077 2032 1151 2072 sed
1189 2045 1292 2084 quas
1331 2032 1485 2083 gratias
1524 2031 1673 2071 debeat

266 2095 479 2145 Philippus
518 2095 685 2137 urbibus
725 2097 903 2142 Graecis,
949 2110 1055 2147 quae
1089 2097 1239 2136 divinis
1276 2097 1498 2136 honoribus
1536 2097 1673 2135 colant

264 2159 453 2204 eundern,
475 2172 499 2197 a
518 2172 600 2210 quo
617 2172 745 2210 genus
764 2172 886 2199 suum
903 2161 1059 2199 ducant
1078 2172 1190 2210 reges
1210 2160 1492 2200 Macedonum.
1531 2160 1673 2210 Aeque

263 2222 403 2282 yerba,
436 2235 542 2273 quae
574 2222 670 2265 fecit
702 2227 840 2262 orator
871 2224 1032 2262 duobus
1065 2224 1153 2261 aliis
1185 2223 1330 2272 locis²),
1363 2224 1427 2261 hic
1461 2223 1673 2263 afferenda

391 2295 425 2337 1)
449 2295 503 2328 ed.
529 2296 662 2329 Blass.²
687 2296 779 2329 1895.

390 2349 425 2392 2)
448 2349 539 2382 Phil.
551 2359 580 2382 c.
594 2350 625 2382 7.
655 2349 700 2382 Se
718 2350 906 2382 missurum
923 2359 1000 2382 esse
1015 2350 1217 2387 orationem,
1238 2351 1273 2381 in
1290 2361 1358 2392 qua
1374 2360 1444 2382 non
1463 2349 1675 2384 efferrentur

262 2413 318 2436 res
339 2406 462 2446 gestae
487 2404 595 2447 regis:
622 2404 725 2447 ἕτεροι
749 2405 811 2447 γὰρ
835 2403 931 2437 τοῦτο
955 2406 1148 2448 ποιήσουσιν.

389 2457 477 2489 Phil.
502 2468 531 2490 c.
556 2458 609 2490 31.
647 2458 709 2491 Τίς
729 2460 790 2501 γὰρ
814 2459 870 2490 οὐκ
897 2459 935 2490 ἂν
958 2460 1183 2502 ἀγανακτήσειέ
1209 2459 1259 2491 καὶ
1279 2461 1448 2502 μισήσειεν,
1479 2460 1507 2491 εἰ
1529 2461 1674 2501 φαίνοιτο

261 2511 387 2544 τούτοις
408 2512 630 2553 ἐπιβουλεύων,
654 2513 733 2555 ὑπὲρ
755 2512 799 2544 ὧν
822 2514 840 2544 ὁ
856 2513 1007 2555 πρόγονος
1021 2513 1120 2544 αὐτοῦ
1143 2513 1304 2552 προείλετο
1328 2514 1522 2551 κινδυνεύειν,
1544 2514 1593 2545 καὶ
1618 2515 1674 2554 τὴν

258 2567 317 2604 μὲν
341 2565 472 2603 εὔνοιαν,
498 2567 536 2608 ἣν
560 2568 677 2599 ἐκεῖνος
698 2566 841 2599 κατέλιπε
865 2569 933 2599 τοῖς
959 2566 998 2603 ἐξ
1018 2567 1115 2599 αὑτοῦ
1137 2568 1362 2610 γεγενημένοις,
1382 2568 1428 2609 μὴ
1451 2562 1585 2610 πειρῷτο
1609 2568 1673 2599 δια-

261 2618 439 2660 φυλάττειν,
463 2619 623 2661 ἀμελήσας
635 2621 671 2651 δὲ
687 2620 809 2652 τούτων
826 2621 1044 2652 ἐπονειδίστων
1061 2622 1229 2663 ἐπιθυμοίη
1249 2621 1298 2652 καὶ
1314 2625 1457 2663 πονηρῶν
1471 2622 1671 2662 πραγμάτων.
