2138 3299
880 367 1150 408 ..-43-

307 500 395 536 tem
427 494 780 535 Lacedaemonem
812 495 998 535 Athenas
1029 494 1190 534 venisse
1222 498 1269 534 ut
1304 494 1517 534 Socratem
1548 493 1721 539 videret,

308 560 363 599 ad
381 559 616 610 sepulcrum
637 559 869 610 philosophi
889 559 972 598 iam
992 559 1147 598 mortui
1168 559 1534 609 appropinquasse,
1556 562 1721 597 noctem

308 624 377 663 illo
402 624 490 662 loco
516 623 686 673 degisse,
715 623 910 674 Spartam
934 623 1096 662 redisse.
1147 622 1250 662 Cum
1274 623 1375 662 haec
1399 622 1584 661 narratio
1608 622 1721 661 nullo

309 688 389 727 alio
413 687 502 726 loco
526 687 777 732 inveniatur,
802 690 932 726 restat
958 690 1004 725 ut
1030 687 1096 725 vel
1121 686 1401 725 adiudicemus
1426 687 1530 725 libro
1554 686 1720 725 cuidam

308 763 390 790 non
410 754 576 789 servato
598 750 663 789 vel
685 754 896 789 auctorem
917 750 1132 800 epistulae,
1155 751 1226 801 qui
1247 755 1419 789 noverat
1442 750 1604 789 fabulas
1625 762 1719 789 con—

307 815 471 860 similes
491 815 627 865 ipsum
646 826 738 853 eam
757 814 925 853 finxisse
943 815 1171 864 opinemur.
1210 814 1431 864 Complura
1449 814 1605 852 tradita
1622 818 1718 852 sunt

308 879 429 918 huius
461 879 573 917 modi
605 878 807 929 exempla,
839 890 947 929 quae
978 878 1128 918 docent
1161 878 1394 928 peregrinos
1427 882 1473 916 ut
1509 877 1721 916 Socratem

307 943 494 983 viderent
514 943 700 982 Athenas
717 955 760 982 se
778 942 1016 982 contulisse:
1036 943 1161 982 refert
1180 943 1291 982 enim
1311 942 1513 992 Diogenes
1532 942 1721 981 Laertius

309 1008 382 1055 (VI
421 1010 455 1046 3.
484 1010 518 1045 9.
552 1010 614 1055 10)
661 1007 854 1046 Ponticos
887 1007 1058 1046 iuvenes
1093 1007 1279 1045 Athenas
1314 1007 1487 1051 venisse,
1531 1011 1572 1044 et
1609 1007 1720 1056 apud

308 1070 529 1109 Libanium
546 1070 667 1120 (apol.
689 1070 799 1109 Socr.
820 1071 839 1119 ξ
859 1073 932 1110 174
947 1070 1010 1109 ed.
1029 1070 1234 1118 Foerster)
1251 1070 1440 1119 legimus:
1461 1072 1552 1109 ὅταν
1569 1071 1605 1109 οἱ
1623 1070 1722 1117 ξένοι

306 1135 559 1174 καταπλέωσι
597 1137 665 1186 μὲν
704 1135 754 1181 ὡς
789 1135 1037 1186 συνεσόμενοι
1074 1135 1197 1184 ἀνδρὶ,
1237 1136 1435 1173 τεθνεῶτα
1472 1135 1514 1173 δὲ
1547 1135 1721 1184 εὑρόντες

310 1199 456 1250 ζητῶσι
473 1200 537 1237 τὸν
557 1198 722 1249 τάφονῑ).
757 1197 1015 1236 Siminimarn
1035 1198 1269 1236 invenimus
1297 1194 1539 1236 relationem
1549 1198 1581 1246 ²)
1609 1198 1720 1247 apud

311 1262 482 1301 Suidam
507 1274 537 1300 s.
559 1274 597 1300 v.
628 1263 843 1312 Σωκράτης
870 1261 904 1306 Ι,
930 1273 1014 1311 qua
1038 1260 1182 1300 eadem
1209 1273 1272 1299 res
1298 1266 1492 1300 narratur
1518 1261 1569 1300 de
1594 1262 1721 1312 Cyrsa

308 1326 488 1377 quodam
502 1326 544 1364 in
559 1325 660 1365 Chio
672 1326 808 1365 insula
821 1329 939 1364 nato:
964 1326 1125 1377 Κυρσᾶς
1140 1327 1182 1365 δέ
1197 1340 1250 1372 τις
1265 1328 1397 1378 ὄνομα,
1421 1326 1514 1372 Χῖος
1535 1328 1576 1365 τὸ
1597 1326 1717 1378 γένος,

307 1392 358 1437 ὡς
381 1391 631 1441 συνεσόμενος
652 1391 755 1441 ἦλθε
775 1390 975 1441 Σωκράτει
997 1405 1000 1409 “
1022 1392 1051 1442 ᾧ
1073 1391 1364 1441 κακευδήσαντι
1385 1393 1494 1442 παρὰ
1514 1393 1577 1430 τὸν
1598 1392 1717 1441 τάφον

310 1458 403 1506 ὄναρ
423 1456 557 1506 ὀφθεὶς
575 1455 770 1507 ὡμίλησεν
790 1469 796 1475 ·
816 1457 883 1494 καὶ
910 1456 1027 1501 εὐθὺς
1046 1457 1191 1501 ἐκεῖνος
1210 1455 1443 1497 ἀπέπλευσε,
1475 1462 1583 1495 τοῦτο
1603 1455 1716 1507 μόνον

312 1520 538 1565 ἀπολαύσας
566 1526 631 1557 τοῦ
665 1518 922 1570 φιλοσόφου3),
960 1530 1012 1556 ex
1049 1530 1131 1568 quo
1167 1518 1299 1557 elucet
1337 1519 1716 1569 epistolographum

307 1582 508 1634 scriptum
525 1582 736 1634 quoddam
752 1594 960 1632 cognosse,
977 1582 1020 1621 in
1036 1594 1120 1633 quo
1139 1581 1340 1627 Socrates,
1358 1586 1563 1633 quantum
1579 1583 1717 1622 value—

307 1648 361 1686 rit
387 1651 590 1691 mortuus,
616 1658 750 1686 sermo
774 1647 943 1686 habitus
968 1646 1034 1686 sit.
1088 1646 1274 1685 Dittmar
1301 1649 1356 1697 (p.
1376 1649 1441 1695 64)
1469 1648 1544 1686 hoc
1571 1647 1718 1686 fictum

307 1724 394 1751 esse
409 1724 492 1750 non
507 1710 585 1751 illis
601 1710 870 1762 temporibus,
885 1710 959 1750 sed
973 1709 1203 1750 Heraclidis
1220 1710 1381 1750 Pontici
1396 1715 1535 1750 aetate
1549 1711 1718 1758 statuit;

308 1787 401 1814 mea
423 1787 589 1826 quoque
611 1775 819 1814 sententia
842 1779 986 1813 auctor
1009 1775 1153 1813 eodem
1177 1775 1300 1813 modo
1323 1788 1406 1826 quo
1429 1775 1622 1814 certiores
1645 1787 1720 1813 nos

308 1839 404 1878 fecit
445 1839 496 1878 de
537 1838 844 1878 accusatoribus
885 1838 1152 1888 puniendis4),
1193 1839 1293 1877 haec
1334 1839 1493 1878 invenit
1533 1839 1576 1878 in
1616 1839 1720 1878 libro

308 1903 532 1953 posteriore
551 1906 690 1941 aetate
708 1903 954 1952 conscripto,
975 1903 1048 1952 qui
1066 1915 1117 1940 ex
1137 1903 1369 1953 antiquiore
1388 1902 1503 1941 fonte
1522 1903 1717 1942 hauserit.

309 1967 448 2006 Obens
471 1967 511 2015 (l.
536 1978 569 2005 c,
595 1979 633 2017 p.
654 1968 720 2015 28)
742 1966 801 2006 nil
821 1966 900 2005 nisi
921 1966 1275 2006 narratiunculam
1297 1967 1403 2006 hanc
1425 1980 1512 2007 esse
1535 1967 1720 2006 fabulam

308 2031 449 2076 habet,
473 2042 520 2069 ac
542 2031 576 2069 si
598 2034 721 2082 putat
747 2031 906 2069 Socrati
928 2030 1006 2069 illis
1028 2030 1173 2070 diebus
1194 2035 1511 2070 monumentum
1534 2032 1719 2071 nondum

308 2095 467 2135 factum
482 2107 581 2140 esse,
596 2108 803 2135 summam
817 2095 874 2135 rei
889 2108 972 2136 non
986 2095 1206 2135 intellexit:
1224 2108 1359 2147 neque
1372 2096 1483 2136 enim
1497 2096 1720 2147 imaginem

437 2191 471 2232 1)
495 2190 658 2230 Dittmar,
674 2191 859 2225 Aischines
878 2202 911 2224 v.
930 2191 1107 2234 Sphett0s‚
1126 2202 1159 2234 p.
1178 2192 1229 2229 63,
1253 2192 1333 2224 adn.
1351 2193 1372 2224 4
1388 2193 1518 2225 conicit
1534 2192 1720 2225 Libanium

308 2245 394 2278 haec
425 2245 530 2278 verba
558 2245 815 2288 deprompsisse
847 2255 867 2278 e
896 2246 989 2278 libro
1015 2246 1153 2289 Lysiae,
1194 2246 1253 2288 qui
1283 2245 1429 2279 titulum
1468 2256 1548 2289 prae
1583 2255 1623 2279 se
1652 2246 1721 2279 fert

308 2299 460 2340 ἀπολογία
481 2299 684 2340 Σωκράτους.

437 2353 472 2390 2)
497 2351 623 2384 Cetera
656 2352 817 2394 exempla
850 2353 1049 2395 composuit.
1079 2352 1244 2387 Dittmar.
1275 2354 1296 2385 l.
1323 2364 1362 2389 c..
1393 2364 1425 2395 p.
1449 2354 1491 2385 62
1507 2364 1557 2395 sq.
1596 2353 1718 2394 (,.Eine

308 2404 549 2437 verschollene
571 2404 961 2448 Sokratesdiehtung“).

436 2458 472 2498 3)
496 2458 573 2490 Hoc
602 2458 741 2491 dicendi
773 2469 887 2502 genus
918 2469 987 2491 non
1021 2459 1135 2491 solum
1165 2459 1209 2491 ad
1239 2460 1432 2495 Socratem.
1466 2459 1528 2492 sed
1559 2459 1602 2492 ad
1632 2460 1718 2492 alios

308 2522 449 2554 quoque
472 2511 739 2547 accomodatum
755 2522 830 2546 esse
846 2515 1023 2546 testantur
1042 2513 1139 2546 varia
1162 2513 1331 2556 exempla,
1356 2516 1397 2546 ut
1418 2513 1584 2547 Gaditani
1605 2514 1718 2547 cuius-

309 2565 388 2598 dam
413 2565 507 2607 apud
529 2565 682 2597 Plinium
706 2577 760 2608 ep.
788 2567 823 2598 II
839 2566 881 2599 38
904 2566 958 2599 ed.
985 2566 1074 2599 Keil.

436 2620 472 2659 4)
496 2616 742 2652 Commemoro
773 2620 971 2663 Diogenem
1002 2619 1183 2653 Laertium
1214 2620 1343 2653 referre
1374 2621 1541 2654 Ponticos
1573 2621 1716 2652 iuvenes

311 2671 468 2704 Athenas
494 2673 634 2705 venisse
661 2673 785 2706 eodem
800 2676 958 2716 tempore
981 2684 1050 2716 quo
1074 2677 1296 2707 accusatores
1312 2674 1466 2708 Socratis
1488 2675 1599 2717 puniti
1622 2677 1713 2706 sunt.
