2138 3299
855 348 1121 389 -27-

284 476 426 518 Aretae
454 477 584 517 filium
612 477 825 525 vocaverit,
856 481 898 517 ut
917 477 1000 527 §42
1031 479 1106 528 πρὸ
1135 478 1276 523 παντὸς
1306 477 1349 516 δὲ
1378 475 1606 527 ἐπισκήπτω
1637 478 1696 515 σοὶ

284 548 350 580 τοῦ
380 548 519 593 μικροῦ
547 540 806 592 Ἀριστίππου
835 542 1107 592 ἐπιμελεῖσθαι
1136 547 1174 582 et
1194 553 1348 593 paragr.
1379 545 1574 581 extrema:
1604 553 1696 590 κτη-

223 644 226 648 ,
287 606 446 658 ματίτην
475 605 574 644 ποίει
594 605 727 644 τούτου
747 606 810 644 τὸν
830 605 922 653 υἱὸν,
951 606 993 644 ὃν
1023 605 1236 658 ἐβουλόμην
1258 607 1325 657 μὲν
1356 606 1468 651 αὐτὸς
1497 605 1575 655 ἤδη
1605 605 1696 656 ἐμὸν

285 671 365 709 υἱὸν
403 671 510 708 εἶναι.
567 669 628 709 De
663 668 852 720 Aristippi
890 680 981 709 cum
1018 669 1134 709 Arete
1177 670 1440 709 familiaritate
1477 669 1697 708 memoriae

287 733 463 786 prodidit
492 733 703 785 Diogenes
731 733 909 773 Laertius
938 733 1071 781 (1172)
1101 734 1218 773 haec:
1249 735 1296 771 τὰ
1326 735 1465 784 ἄριστα
1494 732 1697 771 ὑπετίθετο

285 804 333 849 τῇ
363 799 529 849 θυγατρὶ
559 796 721 848 Ἀρήτῃ,
758 803 963 836 συνασκῶν
994 799 1113 848 αὐτὴν
1143 798 1403 848 ὑπεροπτικὴν
1432 803 1497 835 τοῦ
1526 797 1698 842 πλείονος

287 863 383 902 εἶναι
420 862 484 911 (cf.
514 862 635 903 verba
673 873 828 913 paragr.
849 862 873 901 2
911 863 1025 914 epist.
1056 860 1264 903 Socratic.:
1303 861 1535 913 ὑποτίθεμαι
1564 861 1607 901 δέ
1638 875 1697 901 σοι

285 929 333 966 τὰ
361 928 456 979 πρὸς
485 929 675 979 ἄρχοντας
709 927 922 979 οἰκονομεῖν
952 928 1052 967 ὥστε
1088 929 1129 966 τὸ
1159 928 1249 979 ἐμὸν
1287 927 1558 979 συμβούλευμα
1587 933 1696 966 τοῦτο

288 992 481 1044 συμφέρον
518 992 860 1043 δὲχεσθαι·τοῦτο
890 991 922 1031 δ’
958 993 1006 1043 ἦν
1042 993 1094 1044 μὴ
1131 999 1197 1031 τοῦ
1225 992 1398 1038 πλείονος
1426 993 1674 1043 ὀριγνᾶσθαι)
1685 1005 1695 1039 ;

286 1067 335 1096 ex
370 1056 542 1108 epistula
579 1055 780 1096 Socratica
818 1057 1090 1107 comperimus
1125 1056 1268 1096 Areten
1315 1057 1485 1107 graviter
1521 1056 1695 1108 opprimi

286 1132 356 1172 per
384 1121 603 1171 episcopos
623 1120 886 1173 Cyrenenses,
916 1121 1066 1172 quibus
1086 1121 1206 1160 rebus
1226 1121 1388 1161 maritus
1408 1121 1496 1160 eius
1516 1121 1695 1160 resistere

288 1195 370 1225 non
409 1185 593 1235 potuerit,
628 1195 802 1235 eamque
837 1184 878 1223 in
913 1184 977 1223 illa
1015 1185 1113 1224 urbe
1155 1185 1293 1224 hortos
1337 1185 1518 1224 obtinere
1552 1184 1696 1224 funda·

287 1252 525 1300 mentaque;
566 1248 665 1288 haec
695 1250 825 1288 utrum
855 1259 947 1288 vera
976 1249 1056 1289 sint
1084 1260 1134 1288 an
1164 1248 1275 1295 falsa,
1320 1248 1442 1288 hodie
1472 1249 1696 1289 discernere

286 1324 369 1353 non
400 1323 632 1364 possumus.
662 1312 756 1352 Item
778 1324 884 1364 quae
914 1313 965 1353 de
984 1312 1188 1364 Aristippo
1209 1313 1299 1364 ipso
1321 1314 1517 1353 moriente
1539 1324 1696 1352 narran-

286 1381 358 1424 tur,
394 1378 434 1417 in
464 1377 590 1417 dubio
621 1377 882 1429 relinquenda
921 1388 1009 1417 esse
1046 1377 1236 1429 denegari
1275 1389 1358 1417 non
1389 1379 1533 1428 potest.
1590 1377 1693 1417 Nam

286 1446 329 1482 ut
365 1442 444 1482 iam
475 1441 703 1482 Guilelmus
732 1442 922 1483 Croenert
961 1442 1144 1490 (Kolotes
1181 1453 1219 1481 u.
1250 1442 1531 1490 Menedemos,
1569 1454 1607 1494 p.
1628 1443 1692 1487 87,

286 1505 378 1547 adn.
396 1506 488 1556 426)
526 1510 630 1546 recte
667 1506 956 1553 animadvertit,
993 1508 1131 1546 auctor
1159 1507 1355 1557 epistulae
1384 1518 1510 1546 errare
1539 1506 1695 1547 videtur

285 1571 446 1611 tradens
473 1570 719 1622 Aristippum
750 1571 789 1610 in
820 1571 959 1622 Lipara
990 1571 1121 1611 insula
1151 1571 1295 1611 morbo
1325 1570 1525 1610 adfectum
1553 1570 1694 1611 Aretae

288 1634 501 1686 epistulam
525 1635 693 1683 misisse,
725 1635 819 1685 quia
847 1635 910 1674 illa
941 1635 1071 1674 insula
1093 1645 1175 1674 non
1206 1635 1280 1674 sita
1301 1639 1406 1674 esset
1435 1635 1535 1674 inter
1553 1637 1693 1674 terram

286 1698 463 1739 Siculam
495 1701 533 1739 et
561 1699 768 1750 regionem
791 1698 981 1750 Libycam
995 1699 1037 1747 1).
1069 1699 1166 1740 Utut
1195 1699 1255 1745 sit,
1284 1698 1530 1750 Aristippum
1561 1699 1601 1739 in
1631 1699 1696 1738 illa

287 1764 417 1804 insula
447 1763 687 1804 occubuisse
717 1775 739 1803 a
759 1774 854 1804 vero
883 1774 966 1804 non
988 1763 1211 1811 abhorreat,
1243 1764 1315 1803 sed
1335 1764 1431 1815 quia
1451 1774 1603 1804 nomen
1623 1762 1697 1804 So-

288 1828 381 1875 nici,
402 1828 471 1879 qui
492 1829 701 1879 aegrotum
724 1828 867 1875 alebat,
899 1828 1058 1879 aliaque
1079 1838 1183 1879 quae
1204 1828 1374 1879 epistula
1396 1829 1471 1867 hac
1491 1828 1696 1874 docentur,

287 1892 408 1933 nobis
437 1892 576 1943 ignota
606 1896 712 1939 sunt,
741 1903 826 1932 non
847 1892 1093 1933 reiciendum
1125 1892 1222 1932 mihi
1250 1892 1406 1932 videtur
1434 1892 1696 1943 epistologra-

287 1957 413 2007 phum
444 1967 493 1996 ex
521 1956 632 1996 fonte
662 1956 857 2004 hausisse,
888 1957 956 2007 qui
978 1956 1101 1996 hodie
1130 1957 1251 1996 nobis
1271 1968 1354 1996 non
1385 1959 1563 1996 servatus
1592 1956 1697 2004 est2).

288 2020 473 2061 Fortasse
494 2031 659 2072 quoque
681 2032 729 2060 ex
748 2021 827 2060 vita
856 2021 1031 2072 quadam
1053 2020 1243 2072 Aristippi
1268 2021 1465 2061 nonnulla
1485 2021 1697 2061 arcessivit.

810 2129 846 2168 8.
876 2128 911 2168 X
920 2139 942 2168 e
953 2139 978 2168 n
990 2139 1015 2168 o
1025 2139 1050 2179 p
1063 2128 1088 2167 h
1097 2139 1123 2169 o
1136 2139 1174 2167 n.

418 2193 539 2234 Haud
569 2203 698 2245 pauca
728 2193 768 2233 in
798 2193 980 2244 epistulis
999 2192 1292 2234 Socraticorum
1322 2192 1426 2233 facta
1456 2197 1551 2234 sunt
1579 2194 1699 2234 verba

289 2258 339 2297 de
353 2257 638 2308 Xenophonte.
670 2257 876 2309 Epistulae
896 2258 922 2298 5
941 2262 1079 2298 auctor
1099 2257 1213 2298 refert
1233 2268 1325 2296 eum
1347 2258 1387 2296 in
1411 2257 1697 2298 Thebanorum

420 2354 452 2392 l)
476 2353 596 2385 Obens
612 2357 660 2395 (p.
676 2353 746 2393 21),
764 2353 822 2394 qui
839 2352 975 2392 librum,
991 2362 1095 2395 quem
1113 2353 1230 2389 citavi.
1247 2353 1443 2395 inspexisse
1460 2363 1529 2385 non
1547 2352 1698 2389 videtur,

288 2405 380 2438 idem
396 2409 658 2438 commemorat.
684 2406 733 2437 At
748 2416 833 2438 vero
849 2416 920 2438 non
936 2406 1150 2439 credendum
1168 2410 1222 2439 est
1238 2407 1279 2447 ei,
1297 2407 1355 2448 qui
1371 2409 1551 2439 asseveret
1566 2407 1699 2438 auctori

288 2459 469 2503 epistulae,
492 2459 556 2492 ubi
578 2459 637 2491 illa
659 2459 774 2492 insula
796 2460 863 2492 sita
888 2462 994 2497 esset,
1017 2460 1120 2503 plane
1143 2461 1306 2504 ignotum
1330 2459 1452 2493 fuisse.

420 2515 455 2554 2)
479 2513 520 2546 In
552 2514 769 2556 paragrapho
795 2514 904 2556 prima
926 2513 1059 2556 legitur
1083 2515 1119 2546 in
1150 2514 1306 2547 editione
1328 2514 1563 2547 Hercheriana
1585 2515 1633 2547 καὶ
1657 2516 1701 2546 ὡς

288 2568 327 2600 ἂν
349 2570 378 2601 εἰ
401 2592 409 2600 .
436 2593 442 2599 .
468 2592 475 2599 .
501 2569 646 2610 ἀρκεῖταί
664 2577 712 2602 τις
732 2570 786 2611 ζῆν
809 2571 873 2601 τῶν
895 2570 1036 2601 διάθεσιν
1059 2569 1189 2611 φιλαήν.
1222 2568 1263 2599 In
1288 2567 1410 2601 codice
1432 2568 1550 2610 aliquo
1573 2568 1699 2608 legitur

287 2622 337 2654 καὶ
362 2624 407 2655 ὡς
428 2624 461 2655 ἐν
486 2619 566 2665 ᾅδου
590 2625 659 2655 τοῖς
679 2623 900 2664 ἀρκεῖται-τίς
923 2624 976 2664 ζῆν
998 2625 1062 2654 τῶν
1084 2623 1113 2654 δ.
1139 2634 1187 2664 φ.,
1218 2622 1253 2653 in
1279 2621 1356 2655 cod.
1383 2622 1555 2655 Vaticano
1579 2623 1623 2654 64
1649 2621 1698 2653 καὶ

288 2677 334 2709 ὡς
354 2676 393 2708 ἂν
418 2677 447 2709 εἰ
468 2678 594 2709 δυντοις
615 2677 756 2718 ἀρκεῖται
778 2677 825 2709 τίς
846 2679 899 2718 ζῆν
922 2679 985 2708 τῶν
1009 2677 1038 2708 δ.
1063 2688 1099 2717 φ.
