2138 3299
392 472 548 513 Socrati
579 474 814 524 magistrum
855 485 987 524 neque
1019 473 1151 513 vivum
1190 485 1324 525 neque
1355 473 1590 514 morientem
1623 475 1807 515 deserue-

392 540 448 576 rat
462 538 503 584 ¹).
534 537 727 587 Epistulis
748 537 962 577 Socraticis
982 537 1240 577 confirmatur
1265 549 1358 577 eum
1380 549 1561 589 quoque,
1592 543 1635 578 ut
1653 543 1808 579 ceteros

393 600 569 640 Socratis
589 601 756 648 amicos,
778 605 871 652 post
891 601 1069 652 magistri
1091 603 1259 641 mortem
1280 601 1458 651 Megaris
1478 604 1676 642 versatum
1698 613 1806 642 esse:

393 665 603 704 verbosius
633 665 805 704 referunt
834 665 1029 716 epistulae
1059 665 1104 704 21
1139 668 1179 705 et
1198 665 1248 704 22
1278 676 1370 705 eum
1403 666 1442 704 in
1473 665 1537 705 illa
1569 665 1666 706 urbe
1694 666 1806 705 fami-

393 729 538 769 liariter
567 740 685 768 usum
717 740 807 769 esse
828 729 996 769 Euclide
1025 731 1064 769 et
1083 728 1316 781 Terpsione.
1346 729 1491 770 Prioris
1510 729 1705 781 epistulae
1724 729 1808 778 (21)

393 794 514 832 verba
555 793 782 844 significare
827 793 1011 833 videntur
1048 792 1290 833 Aeschinem
1333 794 1473 833 intima
1514 793 1808 834 consuetudine

394 857 657 896 coniunctum
690 857 813 896 fuisse
852 867 942 896 cum
972 857 1216 907 Xanthippe,
1255 857 1408 908 quippe
1438 857 1559 897 nobis
1589 859 1729 896 notum
1760 857 1810 896 sit

393 931 485 958 eum
518 931 600 958 non
633 920 759 959 modo
780 920 934 960 Socrati
955 920 1358 970 propinquissimum‚
1388 921 1460 959 sed
1487 921 1604 960 etiam
1635 920 1809 960 familiae

394 983 481 1022 eius
518 983 663 1022 fuisse:
705 983 822 1023 tradit
859 984 966 1022 enim
1004 983 1211 1034 Diogenes
1240 983 1417 1023 Laertius
1453 983 1695 1024 Aeschinem
1734 983 1809 1024 So-

393 1047 508 1086 cratis
553 1047 742 1097 dialogos
787 1047 993 1098 accepisse
1037 1058 1059 1086 a
1096 1047 1340 1098 Xanthippe,
1387 1058 1493 1098 quos
1529 1058 1605 1087 suo
1644 1047 1809 1087 nomine

393 1110 639 1160 edidisset2).
699 1110 885 1150 Ceterum
925 1122 973 1150 ex
1003 1111 1185 1161 epistulis
1222 1110 1331 1150 haud
1369 1122 1498 1161 pauca
1537 1112 1810 1161 comperimus

395 1174 444 1213 de
482 1174 759 1221 familiaritate,
804 1186 883 1225 qua
921 1175 1162 1215 coniunctus
1198 1175 1248 1214 sit
1283 1173 1505 1214 Aeschines
1541 1185 1634 1214 cum
1671 1174 1810 1214 ceteris

395 1237 619 1278 Socraticis.
652 1238 831 1289 Epistula
853 1239 916 1286 23,
947 1250 1028 1290 qua
1049 1238 1406 1290 epistolographus
1425 1243 1589 1279 tractare
1610 1238 1809 1286 studebat,

395 1314 499 1353 quae
549 1303 647 1342 ratio
698 1303 987 1343 intercessisset
1027 1303 1227 1355 Dionysio
1275 1314 1365 1342 cum
1408 1303 1666 1355 philosophis
1706 1303 1810 1342 illius

395 1368 548 1414 aetatis,
580 1368 701 1406 missa
731 1367 896 1417 fingitur
925 1379 946 1407 e
976 1367 1124 1415 Sicilia,
1163 1368 1231 1407 ubi
1261 1367 1504 1407 Aeschinem
1536 1379 1575 1407 re
1604 1379 1695 1407 vera
1725 1379 1808 1407 ver-

393 1435 524 1470 satum
571 1442 659 1470 esse
703 1431 916 1482 scriptores
960 1434 1113 1471 veteres
1157 1431 1405 1480 testantur⁸).
1461 1430 1638 1471 Maxime
1675 1433 1808 1470 autem

394 1495 655 1545 epistularum
691 1500 876 1534 auctores
905 1495 1225 1535 consuetudines
1261 1495 1600 1546 philosophorum
1638 1495 1739 1535 inter
1767 1506 1810 1534 se

395 1559 508 1609 ipsos
538 1559 771 1609 perscrutati
802 1563 906 1606 sunt,
937 1563 980 1598 ut
1010 1559 1086 1598 hac
1115 1559 1285 1610 epistula
1317 1559 1469 1598 mentio
1498 1559 1543 1598 fit
1566 1558 1744 1598 Platonis
1774 1564 1812 1598 et

395 1622 586 1672 Aristippi
616 1623 841 1669 simultatis,
871 1634 976 1672 quae
1007 1623 1095 1662 aliis
1115 1634 1280 1672 quoque
1310 1623 1411 1662 locis
1440 1623 1664 1662 illustratur.
1695 1622 1810 1662 Para-

396 1686 553 1737 grapho
576 1686 703 1737 prima
726 1690 902 1726 narratur
922 1685 1163 1726 Aeschinem
1186 1687 1236 1726 ab
1258 1685 1462 1738 Aristippo
1482 1685 1810 1726 commendatum

396 1761 485 1789 esse
507 1750 728 1801 Dionysi0;
758 1755 935 1789 extrema
967 1751 1086 1789 huius
1116 1751 1312 1800 epistulae
1342 1750 1596 1800 paragrapho
1626 1749 1810 1789 eiusdem

396 1825 488 1853 cum
506 1813 672 1854 Platone
694 1814 868 1854 amicitia
890 1814 1107 1865 attingitur.
1137 1813 1258 1854 Aliud
1278 1814 1394 1854 tradit
1411 1813 1621 1864 Diogenes
1636 1813 1814 1854 Laertius

394 1879 436 1917 in
466 1879 544 1917 vita
565 1878 778 1917 Aeschinis
798 1878 824 1917 Π
845 1879 916 1917 61:
946 1880 1043 1928 φασὶ
1072 1877 1105 1916 δ’
1142 1879 1255 1916 αὐτὸν
1287 1877 1564 1927 (Aeschinem)
1595 1878 1727 1916 ἐλθεῖν
1757 1876 1805 1916 δι’

395 1942 560 1993 ἀπορίαν
599 1943 651 1988 εἰς
680 1941 860 1981 Σικελίαν
902 1944 998 1993 πρὸς
1034 1942 1243 1989 Διονύσιον,
1290 1944 1358 1980 καὶ
1394 1943 1467 1981 ὑπὸ
1504 1943 1572 1993 μὲν
1608 1941 1814 1988 Πλάτωνος

394 2007 663 2056 παροφθῆναι,
693 2007 766 2044 ὑπὸ
788 2005 820 2044 δ’
849 2005 1102 2056 Ἀριστίππου
1125 2006 1369 2056 συστῆναι*);
1400 2006 1611 2057 copiosam
1639 2016 1813 2057 eamque

396 2070 640 2110 simillimam
682 2070 965 2118 narrationem,
1001 2081 1080 2121 qua
1119 2070 1231 2111 Plato
1273 2069 1515 2110 Aeschinem
1555 2070 1814 2110 commendat

530 2219 561 2259 l)
587 2217 632 2250 ef.
659 2218 766 2260 Diog.
793 2218 832 2251 L.
851 2219 885 2250 ΙΙ
900 2219 953 2252 34.
979 2219 1103 2252 Senec.
1129 2219 1172 2251 de
1196 2217 1345 2251 benefic.
1371 2218 1389 2250 1
1408 2219 1436 2250 8.
1461 2217 1548 2250 Plat.
1566 2217 1695 2250 Phaed.
1715 2219 1758 2251 69
1771 2217 1812 2251 B.

527 2283 562 2318 2)
588 2283 689 2325 Diog.
716 2282 755 2315 L.
775 2283 811 2315 II
829 2284 887 2320 62;
917 2283 998 2316 vide
1024 2284 1130 2316 etiam
1153 2284 1187 2315 h.
1213 2283 1244 2315 d.
1270 2293 1348 2326 pag.
1371 2283 1421 2315 10.

529 2349 562 2389 3)
586 2349 690 2390 Diog.
716 2348 755 2380 L.
774 2349 811 2380 II
828 2350 882 2381 61.
903 2350 957 2381 63.
990 2348 1084 2380 Plut.
1118 2347 1161 2381 de
1185 2348 1299 2380 cohib.
1324 2347 1374 2379 ira
1397 2357 1427 2379 o.
1448 2348 1499 2379 14.
1533 2346 1626 2379 adul.
1653 2350 1690 2379 et,
1711 2347 1813 2380 amic.

397 2414 426 2435 c.
446 2404 490 2436 26
513 2402 681 2445 alibique:
709 2402 753 2436 cf.
777 2402 923 2445 Natorp,
948 2401 1086 2435 PWRE
1110 2402 1138 2435 Ι,
1169 2404 1183 2434 1
1211 2412 1237 2434 s.
1266 2401 1450 2435 Aischines
1477 2402 1528 2434 14.

528 2470 562 2508 4)
588 2467 687 2499 Idem
711 2467 796 2501 dicit
818 2467 876 2499 III
891 2469 950 2500 36:
983 2468 1050 2508 εἶχε
1080 2469 1116 2500 δὲ
1140 2468 1325 2509 φιλέχθρως
1345 2469 1363 2499 ὁ
1390 2466 1522 2499 Πλάτων
1544 2468 1623 2508 πρὸς
1646 2465 1816 2507 'Apim-crt-

397 2535 454 2555 πον
481 2547 487 2553 .
515 2545 522 2553 .
549 2545 556 2553 .
581 2523 630 2554 καὶ
658 2525 736 2564 πρὸς
758 2522 915 2565 Αἰσχίνην
939 2523 975 2554 δέ
997 2534 1065 2554 τινα
1088 2522 1268 2563 φιλοτιμίαν
1292 2521 1369 2562 εἶχε,
1403 2521 1509 2562 φασίν,
1540 2521 1588 2553 ὅτι
1617 2521 1657 2562 δή
1682 2531 1743 2553 που
1765 2520 1814 2553 καὶ

397 2577 496 2608 αὐτὸς
516 2577 670 2615 εὐδοκίμει
692 2577 778 2617 παρὰ
801 2576 966 2616 Διονυσίῳ.
