2138 3299
910 325 1161 369 ..99-

337 455 430 496 nica
447 458 643 497 notatum
657 455 892 497 videbatur.
928 456 1061 498 Simul
1078 459 1205 509 atque
1223 469 1307 496 una
1323 469 1375 496 ex
1393 457 1515 497 huius
1533 456 1748 498 clarissimi

337 520 485 561 medici
523 521 913 561 commemoratione
951 521 1226 572 intellegimus
1266 521 1448 572 antiquis
1487 522 1748 573 temporibus

338 597 434 626 eum
461 585 645 626 maxima
672 584 798 625 fuisse
833 585 1084 625 auctoritate
1110 589 1153 624 et
1182 585 1226 624 in
1253 585 1392 625 schola
1420 586 1668 627 Academica
1695 610 1748 615 —

338 653 545 701 quantum
562 649 741 690 valuerit
762 650 817 689 ad
838 649 1023 689 Platonis
1043 650 1259 691 Timaeum
1276 650 1361 691 vid.
1380 651 1620 697 Wellmann,
1646 651 1670 690 l.
1695 664 1741 697 c.,

337 726 377 765 p.
397 716 464 763 69)
483 736 537 743 —
556 727 641 753 non
659 714 849 765 ignotum
868 714 1005 753 fuisse.
1050 714 1226 766 Quando
1247 714 1291 752 in
1309 715 1625 755 Atheniensium
1645 716 1747 755 urbe

335 782 527 818 versatus
554 778 608 817 sit
638 778 871 828 Philistiol),
905 778 1074 820 difficile
1101 779 1179 817 erit
1200 779 1483 824 determinare,
1513 779 1676 820 etiamsi
1695 792 1747 818 ex

337 841 530 882 omnibus
548 845 740 893 apertum
758 853 845 881 esse
863 842 1030 882 videtur
1054 842 1170 883 illum
1196 846 1291 894 post
1312 841 1558 894 Dionysium
1581 843 1747 895 pulsum

338 905 481 945 Dionis
495 906 767 958 expeditione,
787 910 834 946 ut
849 919 912 958 ep.
930 910 980 946 35
996 907 1104 946 Socr.
1121 907 1231 952 dicit,
1251 907 1335 946 iam
1349 907 1544 946 incohata
1558 908 1746 947 Athenas

336 969 593 1016 venisse,sed
608 970 828 1010 verisimile
843 974 905 1010 est
920 970 1127 1010 medicum
1141 971 1226 1010 iam
1240 974 1337 1010 ante
1351 971 1391 1010 in
1408 971 1510 1011 urbe
1519 971 1743 1011 Athenien-

335 1034 443 1076 sium
470 1048 566 1074 cum
593 1035 767 1075 Platone
793 1036 1135 1076 consuetudinem
1161 1036 1302 1086 egisse.

468 1100 687 1139 Praeterea
714 1100 759 1139 in
784 1100 963 1152 epistula
986 1103 1009 1139 3
1038 1100 1254 1139 Platonica
1281 1104 1503 1139 narrantur
1532 1101 1742 1147 nonnulla,

336 1176 444 1215 quae
462 1163 612 1204 similia
631 1164 832 1205 habemus
851 1165 895 1203 in
912 1164 1100 1216 epistulis
1122 1164 1352 1204 Socraticis.
1389 1164 1499 1205 Nam
1518 1178 1603 1204 non
1621 1165 1746 1204 modo

336 1228 387 1266 de
404 1227 706 1269 salutationum
722 1228 909 1269 formulis
927 1228 1089 1268 disserit
1107 1229 1286 1280 epistula
1305 1232 1329 1268 3
1348 1229 1453 1268 Plat.
1476 1229 1542 1277 (cf.
1560 1230 1689 1268 verba
1703 1242 1743 1280 p.

337 1295 414 1331 315
429 1293 466 1332 A
482 1292 527 1338 B,
560 1292 808 1343 quibuscum
836 1305 1049 1344 compares
1077 1305 1184 1344 quae
1213 1292 1313 1331 dicit
1342 1292 1515 1343 scriptor
1543 1293 1746 1344 epistulae

336 1358 386 1395 36
413 1355 523 1395 Socr.
550 1356 693 1407 primis
715 1356 881 1406 verbis),
910 1356 983 1396 sed
1006 1356 1136 1396 etiam
1161 1356 1212 1395 de
1237 1356 1355 1395 donis
1380 1369 1405 1395 a
1421 1356 1621 1407 Dionysio
1649 1356 1742 1395 Del-

334 1420 438 1470 phos
448 1420 582 1460 missis
590 1424 717 1471 atque
725 1420 914 1472 Apolline
930 1424 977 1459 ut
988 1420 1175 1472 Dionysii
1191 1420 1374 1460 adversis
1389 1420 1557 1459 auribus
1572 1425 1743 1471 accepto

334 1487 453 1534 patre
465 1485 594 1524 verba
608 1484 811 1535 leguntur.
843 1485 952 1524 Nam
971 1488 1017 1523 ut
1033 1485 1117 1524 iam
1134 1484 1271 1523 Ritter
1293 1486 1348 1535 (p.
1369 1487 1461 1533 388)
1480 1488 1592 1522 recte
1607 1484 1736 1523 obser-

332 1547 462 1593 vavit,
492 1547 621 1588 verba
658 1549 882 1601 ἀναγράψαι
917 1551 965 1588 τὰ
1001 1550 1053 1596 εἰς
1080 1548 1247 1600 Δελφοὺς
1282 1548 1511 1601 πεμφθέντα
1545 1550 1593 1588 τὰ
1630 1551 1743 1600 σοφὰ,

335 1611 393 1664 ἐφ’
428 1615 482 1659 οἷς
511 1614 633 1652 ἔοικεν
662 1614 682 1652 ὁ
706 1613 915 1653 Ἀπόλλων
954 1616 1027 1665 οὐχ
1062 1614 1113 1660 ὡς
1148 1615 1278 1664 πατὴρ
1315 1614 1544 1663 διατεθῆναι
1573 1614 1746 1659 ἀκούσας

334 1679 402 1715 καὶ
430 1679 471 1715 τὸ
501 1677 662 1729 ἁμάξιον
692 1678 781 1717 ἰδὼν
808 1679 850 1716 τὸ
880 1679 919 1717 ἐν
948 1683 1000 1729 τῷ
1022 1678 1245 1729 ἱπποδρόμῳ
1274 1677 1499 1728 περιτρέχον
1530 1678 1744 1728 αὐτόματον

335 1741 389 1778 ad
398 1741 583 1779 Platonis
595 1741 994 1791 epistulamtertiam
1008 1744 1199 1791 spectant
1212 1741 1377 1789 (315B),
1398 1754 1481 1791 qua
1496 1753 1744 1780 commemo-

333 1807 479 1842 rantur
508 1804 617 1842 dona
644 1805 824 1855 tyranni,
863 1805 907 1843 in
934 1817 1112 1856 quorum
1139 1817 1311 1845 numero
1340 1808 1452 1843 certo
1488 1804 1611 1843 fuerit
1642 1804 1745 1843 illud

334 1867 493 1920 ἁμάξιον
514 1868 772 1920 αὐτόματονῖ),
798 1882 925 1919 quam
940 1881 1028 1908 rem
1040 1882 1124 1907 non
1138 1868 1435 1919 neglegendam
1452 1881 1540 1907 esse
1556 1868 1742 1915 affirmo;

331 1932 434 1970 illud
462 1944 627 1983 quoque
647 1932 892 1983 Dionysium
919 1932 1120 1972 minorem
1139 1932 1396 1983 appellatum
1422 1944 1511 1970 esse
1539 1932 1744 1971 illustrare

331 1995 517 2042 videtur;
567 1996 736 2036 tametsi
778 1997 829 2034 de
871 1996 1058 2046 Dionysii
1096 1996 1114 2034 I
1157 1996 1276 2035 donis
1317 1999 1445 2046 atque
1490 1996 1742 2035 carminibus

332 2059 460 2098 illusis
475 2059 530 2098 'et
559 2060 744 2099 curribus
772 2059 914 2098 fractis
942 2059 1134 2098 certiores
1162 2072 1236 2097 nos
1265 2058 1366 2097 facit
1385 2058 1591 2098 Diodorus
1623 2059 1743 2107 (XIV

336 2126 421 2163 109.
453 2124 534 2163 XV
550 2127 587 2171 7,
620 2124 671 2164 cf.
703 2125 750 2165 A.
785 2124 986 2169 Schaefer,
1021 2123 1163 2163 Philol.
1196 2123 1355 2168 XVIII,
1388 2135 1428 2173 p.
1464 2126 1564 2172 187),
1598 2127 1742 2163 tamen

332 2191 496 2227 constat
526 2189 602 2228 hoc
631 2189 720 2228 loco
750 2189 997 2240 Dionysium
1024 2188 1223 2228 minorem
1250 2190 1449 2226 vocatum
1476 2199 1574 2232 esse,
1615 2199 1741 2238 quem

332 2252 532 2303 Apollinis
551 2252 725 2303 filium⁸)
754 2266 797 2293 se
815 2253 1049 2293 nominasse
1065 2256 1246 2291 testatur
1268 2251 1387 2290 Plato
1415 2264 1478 2302 ep.
1499 2254 1522 2290 3
1543 2263 1581 2302 p.
1603 2254 1679 2290 315
1689 2252 1735 2297 B,

461 2328 494 2368 1)
517 2327 618 2361 Duos
626 2329 714 2362 alios
728 2328 826 2362 locos
834 2327 1034 2362 Wellmann
1047 2326 1186 2364 adiecit,
1200 2327 1328 2369 quibus
1335 2325 1578 2358 Philistionem
1588 2325 1741 2358 Athenis

331 2379 442 2414 fuisse
464 2380 679 2415 ostenditur:
703 2381 867 2415 Dioclem
883 2381 1085 2425 Carystium
1107 2381 1168 2424 qui
1191 2380 1251 2412 illa
1272 2380 1308 2412 in
1323 2379 1408 2412 urbe
1424 2379 1554 2419 floruit,
1578 2383 1741 2412 secutum

333 2444 411 2467 esse
434 2435 511 2468 eius
535 2434 746 2473 doctrinam
779 2434 956 2468 medicum
979 2435 1146 2473 Siculum,
1179 2435 1243 2476 qui·
1262 2433 1458 2476 appellatur
1481 2434 1516 2464 in
1540 2432 1741 2475 fragmento

330 2487 484 2529 quodam
508 2487 681 2530 Epicratis
711 2489 835 2522 comici
865 2487 973 2531 (apud
998 2488 1219 2520 Athenaeum
1248 2486 1285 2519 11
1300 2486 1341 2519 59
1349 2485 1392 2527 Ε)
1421 2487 1530 2527 ἰατρός
1547 2495 1595 2519 τις
1612 2486 1744 2519 Σικελᾶς

331 2541 393 2573 ἀπὸ
414 2544 474 2583 γᾶς
493 2540 691 2575 hunc-esse
714 2541 969 2576 Philistionem.

458 2595 494 2635 2)
516 2594 562 2627 cf.
586 2596 692 2627 etiam
715 2595 841 2632 Ritter,
864 2606 898 2637 p.
915 2595 992 2627 388.

458 2646 494 2686 3)
517 2647 619 2682 Hanc
642 2647 914 2691 appellationem
930 2648 1141 2692 Dionysium
1164 2646 1326 2681 debuisse
1349 2647 1483 2686 amicis,
1509 2647 1570 2690 qui
1595 2647 1627 2680 ei
1644 2646 1743 2680 blan-

329 2700 524 2742 diebantur,
547 2705 669 2736 censet
692 2702 826 2736 Bened.
850 2701 957 2735 Niese
983 2701 1134 2742 (PWRE
1158 2701 1232 2735 Vl.
1257 2701 1319 2734 905
1329 2701 1406 2743 sq.).
