2138 3299
1000 328 1262 368 ‚32-

424 457 748 509 contemplantes
785 457 1006 508 accipimus
1045 456 1214 508 plurima
1254 457 1382 498 multo
1413 458 1543 508 magis
1572 459 1622 498 ad
1653 458 1839 512 Dionysii

423 533 545 573 quam
585 522 635 562 ad
674 521 909 573 philosophi
946 520 1156 573 Cyrenaici
1196 521 1404 573 ingenium
1448 522 1712 562 accomodata
1749 532 1838 563 esse

425 587 488 635 (cf.
528 598 621 638 epp.
649 587 685 634 8,
715 586 903 637 9,1,2„).
953 608 994 613 —
1041 585 1172 626 Etiam
1210 586 1299 626 aliis
1341 586 1442 627 locis
1478 590 1620 626 terram
1659 586 1835 627 Siculam

426 655 788 691 commemoratam
819 651 1068 690 invenimus:
1108 650 1297 702 scriptum
1327 651 1515 690 videmus
1544 661 1608 702 ep.
1625 650 1695 690 24:
1732 652 1839 690 οὔπω

425 716 493 766 μὲν
523 715 627 766 εἶχον
656 715 798 753 τούτων
827 728 861 753 τι
880 715 1043 767 πέμπειν
1074 715 1126 761 εἰς
1145 714 1412 766 Συρακούσας,
1443 716 1494 753 ὧν
1516 716 1610 766 ἔφης
1637 714 1838 767 Ἀρχύταν

425 780 621 830 δεηθῆναι
650 779 780 831 λαβεῖν
809 781 918 829 παρὰ
950 785 1032 826 σοῦ,
1063 780 1207 818 θᾶττον
1237 780 1280 818 δὲ
1308 781 1377 817 καὶ
1405 781 1449 818 οὐ
1480 780 1543 818 διὰ
1564 785 1715 831 μακροῦ
1744 780 1838 831 πέμ-

425 843 546 895 ψομέν
584 857 654 881 σοι.
693 854 756 894 ep.
778 843 847 883 26:
887 844 981 882 διότι
1016 845 1104 894 περὶ
1139 843 1334 882 Διονύσιον
1371 844 1492 895 ὅμοιοι
1524 843 1721 895 διαμένετε
1757 848 1839 890 ταῖς

424 907 596 952 εὐνοίαις.
635 907 791 946 Praeter
829 908 907 946 hoc
944 908 983 945 in
1021 917 1113 957 epp.
1135 907 1198 946 35.
1220 908 1283 946 36.
1322 907 1373 946 de
1403 907 1588 958 Dionysii
1625 907 1763 947 indole
1801 912 1839 947 et

423 969 721 1011 consuetudine
752 970 960 1021 complura
990 970 1109 1010 verba
1140 970 1243 1010 facta
1272 969 1419 1019 suntl).

811 1067 869 1106 12.
902 1067 970 1107 De
1001 1067 1232 1107 doctrina
1263 1068 1452 1119 cynica.

552 1131 672 1171 Haud
704 1132 821 1182 pauci
844 1132 1106 1182 epistularum
1137 1134 1321 1172 auctores
1349 1132 1480 1172 favere
1502 1132 1686 1172 videntur
1710 1136 1838 1173 certae

422 1198 556 1235 sectae
586 1195 909 1246 philosophicae,
950 1200 1070 1246 atque
1100 1207 1191 1235 vere
1222 1196 1418 1246 plurimae
1448 1197 1644 1246 epistulae
1674 1197 1839 1248 cynicae

423 1260 583 1299 habitae
613 1264 724 1299 sunt:
768 1271 851 1299 non
890 1260 1016 1299 modo
1053 1260 1286 1311 cynicorum
1325 1260 1547 1300 sententiae
1585 1260 1840 1300 adducuntur

421 1324 483 1362 vel
514 1323 781 1373 disputantur,
812 1324 883 1362 sed
905 1323 1033 1374 cynici
1055 1334 1220 1374 quoque
1251 1324 1327 1374 ipsi
1357 1324 1676 1364 introducuntur.
1707 1323 1838 1375 Atque

420 1398 516 1427 vero
547 1387 729 1438 plurima,
761 1398 866 1438 quae
896 1387 946 1427 de
976 1386 1139 1427 Socrate
1169 1387 1370 1435 audimus,
1401 1388 1634 1440 cynicorum
1655 1388 1837 1428 animum

421 1454 459 1491 et
490 1451 671 1490 habitum
701 1452 834 1491 testari
870 1451 1056 1490 videntur
1086 1451 1150 1498 (cf.
1181 1462 1273 1502 epp.
1309 1452 1342 1497 1,
1361 1452 1398 1499 6,
1425 1451 1543 1499 17)²).
1597 1451 1687 1502 Qua
1718 1453 1768 1491 de
1798 1463 1838 1491 re

421 1516 635 1556 verisimile
664 1527 755 1556 esse
792 1518 892 1566 puto
924 1515 1142 1556 nonnullas
1171 1516 1365 1566 epistulas
1401 1517 1649 1567 conscriptas
1677 1527 1767 1556 esse
1797 1517 1838 1555 in

424 1581 565 1619 schola
587 1579 796 1626 rhetorica,
818 1582 860 1618 ut
880 1584 1169 1630 propagaretur
1189 1581 1408 1631 cynismus.
1429 1579 1558 1619 Simul
1578 1580 1837 1620 statuendum

423 1649 484 1683 est
499 1644 760 1693 epistularum
781 1648 965 1683 auctores
986 1645 1027 1682 ut
1047 1643 1216 1682 aliorum
1241 1644 1292 1682 ita
1313 1644 1419 1682 varia
1439 1644 1671 1694 cynicorum
1693 1644 1837 1694 scripta

422 1708 462 1746 in
494 1718 612 1747 usum
643 1718 762 1746 suum
793 1707 1050 1746 convertisse.

551 1772 770 1822 Praecipue
800 1774 1014 1811 occurrunt
1034 1772 1167 1811 variae
1197 1772 1421 1811 sententiae
1446 1772 1767 1822 philosophicae,
1798 1777 1839 1811 ut

422 1836 510 1875 eius
548 1835 661 1876 modi
699 1836 933 1881 sententias,
973 1847 1044 1875 seu
1082 1835 1132 1875 de
1170 1835 1357 1883 amicitia,
1395 1846 1467 1874 seu
1498 1836 1547 1875 de
1577 1835 1751 1882 avaritia,
1788 1835 1839 1874 de

421 1901 542 1947 luctu,
581 1900 631 1940 de
669 1900 824 1950 imperii
861 1900 1008 1947 studio,
1046 1900 1096 1939 de
1125 1900 1279 1946 virtute,
1318 1912 1341 1939 a
1372 1899 1564 1950 magistro
1603 1899 1653 1938 de
1689 1899 1839 1949 quibus

421 1964 700 2014 disputaretur,
738 1964 855 2015 quasi
895 1966 1177 2014 argumentum
1207 1965 1269 2003 vel
1300 1963 1553 2014 propositum
1593 1963 1720 2003 dictas
1748 1972 1838 2002 esse

421 2026 688 2079 opinemur³).
719 2027 914 2078 Exempla
944 2032 1038 2067 sunt
1066 2028 1211 2078 ampla.
1243 2027 1361 2078 Eligo
1393 2027 1510 2066 haec:

555 2113 588 2153 l)
612 2111 773 2156 Dionysii
790 2112 925 2144 mentio
942 2111 985 2144 fit
1001 2112 1109 2144 etiam
1126 2123 1179 2155 ep.
1201 2113 1244 2145 30
1263 2111 1279 2151 ξ
1299 2113 1332 2144 1:
1351 2112 1464 2145 ἐπώλει
1479 2114 1527 2155 τῷ
1540 2111 1685 2145 Σικελίας
1697 2113 1839 2155 τυράννῳ

423 2168 575 2209 Διονυσίῳ
592 2176 640 2199 sc.
658 2168 713 2199 τὸν
728 2167 831 2208 λόγον.
862 2185 896 2190 -
925 2166 968 2198 of.
987 2167 1092 2198 etiam
1108 2167 1214 2199 verba
1237 2176 1291 2208 ep.
1311 2167 1370 2199 22:
1396 2167 1446 2199 καὶ
1466 2165 1597 2198 Πλάτων
1613 2166 1681 2208 περὶ
1699 2166 1839 2200 Ἰταλίαν

423 2222 618 2260 θαυμάζεται
641 2220 690 2252 καὶ
715 2221 784 2262 περὶ
806 2220 950 2252 Σικελίαν
972 2224 1084 2253 πᾶσαν.

555 2276 589 2314 2)
613 2274 696 2306 Jam
720 2273 851 2311 Obens,
876 2285 909 2315 p.
929 2274 1020 2316 6sq.,
1045 2273 1115 2306 duo
1139 2276 1243 2316 πρέπα
1267 2276 1461 2306 notaverat.

552 2328 587 2367 3)
611 2327 782 2360 Conferas
795 2327 901 2359 velim
914 2327 1025 2359 multa
1037 2337 1178 2369 quoque
1191 2327 1619 2370 progymnasmaticorum
1628 2329 1669 2359 ut.
1676 2326 1838 2365 Theonis,

421 2380 668 2423 Hermogenis,
695 2380 901 2423 Aphthonii,
932 2379 1068 2414 Nicolai
1099 2380 1276 2424 sophistae
1305 2383 1501 2423 praecepta,
1530 2390 1619 2422 quae
1643 2380 1838 2422 composita

420 2435 579 2467 invenies
604 2446 623 2466 a
647 2434 833 2467 Leonardo
857 2434 1022 2476 Spengel,
1043 2434 1218 2466 Rhetores
1242 2435 1372 2476 graeci,
1399 2436 1426 2465 t.
1444 2433 1491 2470 11,
1513 2443 1544 2475 p.
1568 2434 1713 2469 1-130,
1737 2436 1764 2465 t.
1782 2433 1839 2464 111

420 2499 454 2530 p.
474 2489 667 2521 447—498.
694 2489 812 2528 (1854.
831 2489 901 2528 56).
927 2486 1062 2520 Nicolai
1086 2489 1407 2530 progymnasmata,
1433 2486 1487 2518 ed.
1516 2486 1553 2518 C.
1572 2486 1708 2524 Felten,
1734 2485 1837 2518 Rhet.

420 2542 548 2584 graeci,
573 2542 642 2573 vol.
660 2541 729 2574 IX.
759 2542 857 2573 1913.

555 2595 666 2637 Saepe
679 2605 821 2638 quoque
834 2597 876 2626 ut,
888 2594 1035 2626 aliorum
1052 2597 1235 2637 poetarum
1250 2595 1300 2627 ita
1310 2594 1458 2626 Homeri
1472 2603 1595 2626 versus
1609 2594 1731 2626 inserti
1745 2597 1838 2634 sunt,

424 2652 463 2682 ut
487 2659 540 2692 ep.
569 2651 580 2680 l
616 2648 668 2686 §7
705 2648 854 2687 Pindari,
889 2659 941 2690 ep.
969 2650 987 2680 5
1018 2650 1072 2689 §2
1099 2651 1182 2693 μηδὲ
1206 2652 1298 2692 γένος
1328 2651 1474 2692 πατέρων
1496 2651 1692 2690 αἰσχυνέμεν,
1723 2660 1776 2691 ep.
1794 2650 1838 2681 35
