2138 3299
368 489 474 529 vidit
504 488 679 535 iuveniS,
710 488 783 528 sed
812 489 1024 529 somnians
1058 489 1270 529 Socratem
1300 489 1447 540 ipsum.
1510 490 1680 530 Praeter
1708 491 1785 530 hoc

367 558 552 592 statuere
572 553 672 591 mihi
692 553 813 591 liceat
834 554 937 592 tales
957 554 1216 592 narrationes
1235 554 1415 604 primum
1434 557 1619 604 repertas
1638 567 1725 594 esse
1743 555 1786 594 in

368 618 555 657 oratione
585 618 782 669 quadarn,
814 630 898 669 qua
932 618 1120 657 Socrates
1151 617 1466 664 defendebatur,
1498 618 1577 657 nisi
1608 618 1714 658 forte
1743 619 1786 658 in

367 682 530 732 dialogo
551 681 761 720 Socratico
778 683 879 732 ipso.
919 682 1090 721 Suidam
1108 683 1161 721 ad
1177 683 1351 721 eandem
1369 682 1568 727 fabulam,
1587 695 1670 733 qua
1687 694 1785 721 usus

367 747 421 786 sit
450 747 652 797 epistulae
684 747 919 786 Socraticae
947 751 1105 793 auctor,
1133 747 1285 786 redisse
1313 747 1499 786 arbitrer.

500 811 620 849 Nunc
651 811 949 861 explicabimus
980 812 1032 849 ab
1070 812 1309 862 epistulael
1346 811 1454 850 Socr.
1495 814 1661 849 auctore
1690 822 1785 849 con-

369 886 534 914 versum
551 887 638 914 esse
655 874 827 920 fontem,
846 876 917 926 qui
933 879 1095 926 spectat
1113 876 1167 914 ad
1186 875 1442 915 Socraticum
1458 875 1559 915 illud
1575 874 1785 914 daemoni-

367 952 438 978 um
455 939 634 978 suadens
652 940 764 989 apud
783 939 947 978 Delium
966 943 1012 978 ut
1031 939 1156 978 aliam
1173 940 1457 990 ingrederetur
1474 940 1633 988 viam1>.
1671 940 1784 978 Haec

367 1003 680 1042 narratiuncula
705 1015 799 1042 cum
826 1003 971 1043 eadem
996 1003 1157 1042 ratione
1184 1016 1266 1042 non
1293 1004 1575 1049 confirmetur,
1602 1004 1786 1042 maxima

367 1066 657 1105 observatione
682 1067 808 1117 digna
831 1079 918 1105 esse
943 1067 1121 1106 videtur.
1172 1067 1427 1106 Testimonia
1451 1071 1653 1113 veterum,
1679 1079 1786 1118 quae

365 1130 540 1170 Orellius
575 1131 727 1182 aliique
759 1144 842 1169 non
875 1132 1136 1177 invenerant,
1169 1136 1335 1170 exstant
1370 1136 1534 1182 praeter
1566 1131 1784 1176 Ciceronis,

366 1207 472 1244 quae
487 1195 571 1234 iam
588 1195 765 1234 Allatius
782 1196 939 1240 attulit,
956 1196 997 1234 in
1015 1195 1227 1234 Plutarchi
1242 1195 1418 1245 dialogo,
1435 1196 1507 1246 qui
1521 1199 1583 1233 est
1600 1195 1650 1233 de
1664 1195 1785 1245 genio

368 1258 563 1304 Socratis,
590 1259 662 1298 ubi
689 1259 956 1299 daemonium
982 1260 1258 1299 intercessisse
1283 1260 1325 1298 in
1353 1272 1493 1310 pugna
1519 1259 1699 1299 Deliensi
1724 1272 1784 1298 re-

365 1323 508 1361 fertur.
531 1324 723 1373 Legimus
742 1324 784 1362 in
803 1325 940 1374 capite
964 1327 1006 1362 ll
1030 1325 1189 1373 (Moral.
1208 1337 1246 1374 p.
1268 1326 1340 1362 581
1364 1324 1456 1371 DE)
1484 1324 1602 1362 haec:
1623 1323 1783 1363 Ἀκούω

365 1388 406 1428 δὲ
426 1390 494 1428 καὶ
510 1390 579 1439 τὴν
603 1391 643 1428 ἐν
667 1390 828 1441 Σικελίᾳ
852 1396 919 1440 τῆς
939 1389 1171 1441 Ἀθηναίων
1195 1391 1393 1441 δυνάμεως
1413 1391 1566 1440 φθορὰν
1585 1395 1780 1440 προειπεῖν

364 1455 477 1492 αὐτὸν
507 1454 615 1500 ἐνίοις
643 1460 716 1493 τῶν
746 1455 864 1505 φίλων
885 1470 888 1474 ’
908 1456 975 1493 καὶ
1003 1455 1190 1506 πρότερον
1221 1456 1275 1493 ἔτι
1303 1455 1445 1493 τούτων
1475 1453 1734 1506 Πυριλάμπης
1763 1454 1782 1493 ὁ

362 1517 621 1569 Ἀντιφῶντος
650 1520 765 1565 ἁλοὺς
794 1521 834 1558 ἐν
863 1526 910 1569 τῇ
941 1519 1066 1566 διώξει
1096 1522 1183 1570 περὶ
1212 1519 1352 1570 Δήλιον
1382 1518 1443 1568 ὑφ’
1479 1520 1588 1570 ἡμῶν
1618 1519 1782 1569 δορατίῳ

364 1583 610 1633 τετρωμένος,
641 1583 692 1628 ὡς
721 1584 869 1632 ἢκουσε
898 1589 972 1621 τῶν
1002 1585 1064 1621 ἐπὶ
1092 1586 1160 1629 τὰς
1190 1584 1360 1628 σπονδὰς
1390 1581 1780 1634 ἀφικομένωνἈθή-

364 1648 501 1696 νηθεν,
531 1648 587 1685 ὅτι
606 1648 823 1696 Σωκράτης
843 1646 921 1698 μετ’
941 1646 1196 1699 Ἀλκιβιάδου
1215 1648 1283 1685 καί
1299 1647 1480 1698 Λάχητος
1495 1648 1556 1685 ἐπὶ
1577 1645 1783 1697 Ῥηγίστης

364 1711 539 1763 καταβὰς
563 1711 881 1762 ἀπονενοστήκοι,
903 1712 1029 1750 πολλὰ
1054 1713 1121 1762 μὲν
1141 1718 1272 1750 τοῦτον
1293 1711 1571 1751 ἀνεκαλέσατο,
1591 1710 1716 1749 πολλὰ
1740 1711 1783 1749 δὲ

363 1775 494 1824 φίλους
510 1777 613 1819 τινάς
629 1777 696 1812 καὶ
712 1775 881 1825 λοχίτας.
903 1777 957 1820 οἶς
974 1775 1115 1826 συνέβη
1136 1774 1215 1825 μετ’
1238 1777 1354 1812 αὐτοῦ
1374 1777 1482 1824 παρὰ
1500 1775 1568 1824 τὴν
1584 1774 1782 1824 Πάρνηθα

361 1840 565 1889 φεύγουσιν
582 1840 655 1877 ὑπὸ
675 1845 748 1877 τῶν
765 1839 963 1890 ἡμετέρων
988 1839 1133 1877 ἱππέων
1154 1840 1382 1881 ἀποθανεῖν,
1404 1839 1455 1884 ὡς
1471 1845 1535 1877 τοῦ
1552 1838 1783 1889 Σωκράτους

362 1904 559 1953 δαιμονίου
576 1904 919 1952 παρακούσαντας,
934 1903 1070 1953 ἑτέραν
1086 1904 1187 1945 ὁδὸν,
1200 1905 1272 1953 οὐχ
1281 1904 1329 1952 ἢν
1346 1904 1492 1948 ἐκεῖνος
1501 1903 1586 1952 ἥγε,
1598 1902 1780 1952 τρεπομέ-

360 1979 447 2012 νους
463 1967 538 2005 ἀπὸ
555 1972 624 2017 τῆς
641 1967 782 2018 μάχης.
810 1965 1082 2005 Plutarchum
1097 1965 1139 2004 in
1156 1965 1367 2005 narranda
1383 1966 1459 2004 hac
1474 1977 1517 2004 re
1533 1964 1717 2004 hausisse
1731 1977 1782 2004 ex

361 2030 540 2080 epistula
558 2030 753 2074 Socratis,
769 2030 882 2068 haud
897 2030 981 2068 scio
997 2043 1050 2068 an
1065 2031 1228 2069 ostendi
1243 2031 1387 2080 possit,
1402 2031 1474 2068 sed
1489 2030 1616 2069 etiam
1631 2030 1781 2079 episto-

360 2093 606 2144 lographum
626 2093 839 2132 Plutarchi
860 2094 988 2132 verba
1010 2094 1062 2132 ad
1080 2106 1201 2133 usum
1221 2106 1343 2134 suum
1360 2093 1612 2133 convertisse
1633 2093 1780 2145 proba-

360 2158 442 2196 bile
469 2170 553 2196 non
581 2161 656 2196 est.
722 2158 814 2209 Qua
842 2170 884 2196 re
902 2158 1153 2209 investigare
1180 2171 1255 2197 nos
1279 2163 1457 2210 oportet,
1487 2172 1587 2197 num
1606 2162 1782 2209 uterque

363 2234 415 2260 ex
443 2221 590 2260 eodem
617 2221 733 2260 fonte
762 2222 958 2260 hauserit.

494 2285 713 2324 Praeterea
738 2286 819 2324 alia
844 2286 1056 2325 Plutarchi
1080 2287 1208 2326 verba
1234 2288 1300 2335 (de
1324 2287 1445 2337 genio
1472 2286 1651 2325 Socratis
1677 2297 1709 2325 e.
1734 2289 1780 2324 10

361 2362 399 2399 p.
421 2352 498 2388 580
514 2349 566 2398 E)
597 2362 689 2389 meo
719 2349 888 2400 quidem
918 2350 1125 2390 arbitratu
1154 2351 1528 2401 praetermittenda
1555 2364 1638 2389 non
1667 2354 1778 2395 sunt,

361 2425 469 2462 quae
497 2413 632 2451 multa
659 2413 810 2451 similia
837 2414 1182 2464 complectuntur.
1231 2415 1367 2453 Verba
1389 2418 1487 2453 sunt
1510 2415 1630 2452 haec:
1657 2415 1691 2453 οἱ
1711 2417 1780 2466 μὲν

359 2480 424 2516 οὖν
441 2478 576 2517 πολλοὶ
591 2478 900 2529 συνανέστρεφον
913 2494 917 2498 ·
931 2480 1126 2519 νεανίσκοι
1141 2481 1183 2519 δέ
1193 2494 1290 2526 τινες
1299 2481 1368 2530 τὴν
1380 2481 1538 2519 εὐθεῖαν
1549 2480 1778 2532 βαδίζοντες,

359 2543 410 2588 ὡς
440 2543 488 2592 δὴ
518 2544 559 2581 τὸ
578 2543 812 2594 Σωκράτους
835 2543 1053 2594 ἐλέγξοντες
1082 2545 1295 2596 δαιμόνιον.
1315 2575 1321 2581 .
1341 2575 1370 2588 .,
1395 2555 1489 2581 cum
1512 2542 1779 2593 epistologra—

450 2611 464 2613 ἓ
490 2628 523 2668 1)
547 2627 602 2660 De
634 2628 819 2661 daemonio
851 2629 1030 2663 Socratico
1062 2630 1105 2662 cf.
1137 2623 1544 2672 Uberweg-Praechter,
1580 2629 1707 2662 Gesch.
1746 2628 1779 2660 d.

358 2681 485 2714 Philos.
512 2681 572 2721 1¹⁰,
598 2692 631 2724 p.
652 2683 704 2714 43.
