2138 3299
890 330 1157 369 -69-

318 460 420 508 §112
464 459 638 507 ἀπέδειξε
675 460 737 497 τὸν
774 458 968 497 Πονθικὸν
1005 458 1190 510 μαθητὴν
1227 463 1295 508 τῆς
1333 458 1447 496 αὑτοῦ
1485 457 1619 508 σοφίας
1649 458 1728 495 διά-

316 525 441 576 δοχον,
489 526 531 563 οὔ
569 526 616 563 σὺ
653 523 816 569 πολλοὺς
852 523 1082 575 τεθεαμένος
1120 524 1303 573 σοφιστὰς
1338 522 1622 573 βδελυρώτερον
1659 524 1730 573 οὐχ

316 588 494 640 ἑώρακας
529 591 572 626 et
603 589 687 636 §14
723 587 774 625 de
802 586 946 627 eodem
980 585 1179 637 discipulo
1216 587 1328 636 apud
1358 586 1595 637 Philippum
1628 585 1727 624 reci-

313 656 448 692 tante:
497 653 550 704 μὴ
593 651 809 703 θαυμάζειν
852 651 908 698 δὲ,
951 651 983 691 εἰ
1024 651 1093 690 καί
1135 664 1216 697 πως
1258 653 1445 702 ἀναγνοὺς
1489 652 1509 690 ὁ
1544 650 1728 697 Ποντικὸς

315 718 530 768 μωλύτερον
570 718 638 754 καὶ
679 716 913 766 φαυλότερον
956 721 1056 754 ποιεῖ
1099 715 1310 765 φαίνεσθαι
1356 717 1419 753 τὸν
1467 715 1632 765 λόγον1);
1676 716 1728 752 de

313 781 391 819 hoc
414 780 540 818 refert
563 778 727 818 Suidas:
758 777 994 830 Ἰσοκράτης
1020 777 1207 830 Ἀμύκλα
1236 784 1301 817 τοῦ
1330 778 1552 829 φιλοσόφου,
1580 777 1727 817 Ἀπολ-

313 845 452 890 λωνίας
487 850 555 894 τῆς
592 845 632 882 ἐν
667 849 719 894 τῷ
757 843 902 894 Πόντῳ,
940 844 965 893 ἢ
1001 842 1253 893 Ἠρακλείας,
1293 843 1343 889 ὡς
1380 842 1672 893 Καλλίστρατος
1707 844 1727 881 ὁ

315 908 456 959 ῥήτωρ,
495 907 678 959 μαθητὴς
714 909 782 945 καὶ
819 908 996 958 διάδοχος
1032 912 1097 946 τοῦ
1136 907 1303 957 μεγάλου
1339 906 1605 958 Ἰσοκράτους,
1647 907 1725 944 δια-

313 973 458 1018 κούσας
487 973 530 1010 δὲ
558 973 626 1010 καὶ
644 970 849 1017 Πλάτωνος
868 977 932 1010 τοῦ
952 971 1203 1022 φιλοσόφου..
1224 1002 1230 1009 .
1267 970 1373 1009 Hinc
1399 974 1586 1021 apparet,
1612 970 1725 1021 quod

313 1035 414 1074 dicit
431 1040 574 1074 auctor
589 1035 791 1086 epistulae
805 1036 855 1074 de
869 1047 1071 1080 successu,
1081 1047 1124 1073 re
1139 1046 1238 1073 vera
1246 1034 1430 1073 evenisse
1440 1046 1448 1079 ;
1460 1034 1531 1073 sed
1547 1034 1590 1072 in
1598 1033 1725 1073 dubio

311 1099 628 1150 relinquendum
648 1103 723 1144 est,
746 1111 847 1137 num
869 1099 1071 1137 Isocrates
1092 1099 1175 1136 iam
1195 1098 1432 1136 tunc‘illum
1452 1109 1723 1136 successorem

313 1162 551 1202 instituerit.
629 1163 820 1202 Ceterum
857 1175 1007 1202 nomen
1044 1162 1130 1201 eius
1168 1174 1263 1200 cum
1300 1161 1513 1200 clarissimi
1551 1161 1725 1200 oratoris

313 1226 574 1265 Atheniensis
598 1226 760 1277 saepius
785 1227 1122 1265 commutabatur
1145 1230 1188 1263 et
1211 1226 1314 1265 duas
1339 1238 1446 1276 quae
1469 1225 1513 1263 in
1536 1226 1724 1274 catalogo

312 1294 687 1329 commemorantur
726 1290 945 1336 orationes,
994 1290 1317 1343 Ἀμφικτυονικός
1362 1294 1404 1328 et
1448 1289 1723 1341 Προτρεπικός,

312 1354 599 1404 Apolloniatae
627 1354 819 1393 Isocratis
845 1367 931 1392 esse
956 1358 1136 1392 testatur
1166 1354 1359 1402 Suidas2).
1414 1353 1572 1393 Eadem
1599 1365 1724 1392 causa

312 1422 542 1456 commotus
596 1418 832 1459 Fredericus
886 1417 1039 1467 Blass⁸)
1093 1418 1334 1463 orationem,
1389 1430 1496 1468 quae
1550 1417 1721 1456 Isocrati

311 1481 551 1521 Atheniensi
568 1481 780 1522 vindicata
808 1481 1005 1532 inscripta
1023 1486 1085 1519 est
1114 1483 1208 1532 πρὸς
1227 1482 1454 1534 Δημόνικον,
1484 1481 1579 1520 huic
1598 1482 1721 1532 Apol-

311 1545 490 1584 loniatae
518 1545 705 1585 addicere
732 1546 836 1590 vult,
872 1546 937 1583 cui
972 1546 1056 1584 iam
1083 1546 1357 1597 Harpocratio
1393 1549 1438 1595 (S.
1469 1558 1507 1584 v.
1539 1546 1721 1593 ἐπακτός)

312 1609 633 1649 adiudicaverat.
672 1609 877 1660 Equidem
895 1610 947 1648 ad
965 1614 1140 1648 eandem
1157 1609 1409 1648 sententiam
1427 1611 1577 1648 accedo
1596 1614 1723 1660 atque

315 1673 441 1713 alium
460 1676 609 1713 testem
629 1674 707 1713 hac
726 1673 904 1725 epistula
923 1672 1097 1713 inveniri
1117 1677 1232 1725 puto.
1274 1673 1417 1713 Oratio
1437 1673 1547 1712 enim
1567 1673 1723 1725 plenior

310 1737 542 1788 sophisticis
563 1738 671 1776 notis
693 1742 820 1788 atque
839 1738 1051 1776 elementis
1073 1751 1199 1789 quam
1220 1743 1267 1776 ut
1289 1738 1461 1776 Isocrati
1482 1738 1723 1777 Atheniensi

312 1801 579 1847 attribuatur,
602 1801 812 1852 sophistae
833 1800 997 1841 cuidam
1019 1801 1249 1843 addicenda
1270 1802 1452 1848 videtur;
1478 1805 1604 1853 atque
1625 1813 1723 1840 vero

310 1865 467 1916 egregie
501 1865 568 1903 illa
599 1866 725 1909 verba
761 1868 802 1904 οὗ
833 1868 880 1904 σὺ
910 1867 1192 1916 βδελυρώτερον
1223 1866 1449 1914 (derivatur
1485 1878 1508 1903 a
1537 1866 1638 1914 βδέω
1683 1884 1725 1898 =-·

311 1928 542 1981 germanice
566 1928 749 1978 stinken)
786 1930 970 1981 σοφιστὴν
1008 1932 1078 1981 οὐχ
1106 1929 1286 1981 ἑώρακας
1322 1930 1375 1970 ad
1401 1930 1478 1968 hoc
1504 1930 1568 1968 vel
1595 1929 1723 1968 etiam

310 1993 390 2031 alia
427 1992 548 2031 huius
591 1993 667 2031 viri
710 1994 899 2042 (fortasse
945 1996 1032 2044 περὶ
1059 1999 1127 2044 τῆς
1156 1995 1292 2032 ἑαυτοῦ
1322 1995 1527 2041 πολιτείας)
1567 1993 1722 2043 scripta

309 2056 523 2097 referenda
545 2056 645 2096 mihi
669 2057 873 2098 videntur.
899 2081 951 2086 —
979 2057 1099 2108 Quod
1122 2057 1275 2099 attinet
1298 2058 1350 2097 ad
1375 2057 1512 2102 verba,
1538 2069 1644 2108 quae
1666 2057 1719 2095 le-

309 2125 462 2171 guntur
489 2123 507 2169 ξ
529 2125 586 2166 14,
613 2121 848 2161 Fredericus
873 2121 989 2160 Blass
1015 2123 1118 2170 (Att.
1146 2122 1308 2160 Bereds.
1338 2122 1392 2166 II,
1418 2134 1455 2170 p.
1476 2125 1569 2169 450)
1594 2126 1718 2171 negat

312 2185 537 2223 Isocratem
558 2184 861 2236 Apolloniatem
882 2184 1017 2229 fuisse,
1041 2184 1111 2235 qui
1131 2184 1398 2223 recitavisset.
1442 2185 1530 2236 Ego
1550 2184 1716 2236 quidem

310 2248 551 2287 crediderim
592 2252 801 2286 auct-orem
838 2249 1038 2298 epistulae
1077 2248 1278 2299 genuinae
1311 2249 1500 2299 Philippo
1532 2253 1717 2287 tantum-

310 2312 432 2353 modo
451 2312 695 2363 persuadere
712 2312 900 2358 voluisse,
921 2317 1211 2363 argumentum
1229 2312 1425 2352 orationis
1443 2325 1530 2352 esse
1548 2313 1717 2359 malum,

309 2389 393 2415 non
406 2376 702 2415 recitationem.
737 2377 937 2415 Attamen
952 2376 1040 2415 fieri
1057 2377 1209 2428 potuit,
1227 2381 1274 2415 ut
1290 2377 1388 2428 quia
1403 2389 1475 2416 rex
1491 2390 1574 2416 non
1590 2378 1717 2416 nomi-

438 2485 471 2525 1)
495 2484 618 2523 Cobet,
644 2484 875 2528 Mnemosyne
899 2484 933 2516 X
954 2484 1080 2527 (1882).
1112 2496 1145 2527 p.
1165 2486 1207 2518 59
1240 2485 1421 2527 proposuit
1443 2485 1635 2527 legendum
1659 2497 1719 2529 pro

308 2539 338 2570 εἰ
358 2540 412 2571 καί
431 2546 498 2571 πως
519 2540 626 2581 duaru-
650 2540 679 2571 εἰ
699 2539 803 2572 καλῶς
822 2541 930 2582 «imru.
955 2541 992 2571 et
1014 2548 1075 2581 pro
1097 2539 1279 2580 μωλότερον
1303 2539 1509 2581 ἀμβλύτερον.

435 2592 470 2631 2)
493 2602 520 2624 s.
549 2592 728 2635 Ἰσοκράτης
751 2593 781 2624 2.
809 2592 853 2625 cf.
878 2592 914 2625 C.
941 2592 1145 2631 Reinhardt,
1169 2593 1191 2624 1.
1207 2603 1247 2629 e.‚
1274 2604 1305 2634 p.
1323 2593 1375 2625 44.

436 2644 472 2685 3)
492 2645 569 2677 Att.
595 2645 869 2685 Beredsamkeit‚
892 2644 957 2683 11¹,
980 2656 1012 2688 p.
1032 2645 1105 2687 451,
1129 2645 1173 2678 cf.
1199 2656 1278 2688 pag.
1296 2646 1358 2678 278
1367 2656 1416 2688 sq.
