2138 3299
834 352 1101 390 ...21—

266 478 390 518 tinere
421 479 562 530 potuit.
606 479 763 519 Praeter
792 480 870 520 hoc
899 480 938 519 in
969 480 1140 531 epistula
1176 480 1221 519 13
1264 480 1466 520 Socratica
1497 485 1674 521 sutorem

267 543 515 584 circumdant
544 544 656 583 multi
687 544 845 583 nobiles
868 543 1054 596 discipuli
1083 549 1123 585 et
1151 544 1354 585 auditores
1384 547 1426 584 ut
1454 544 1674 585 Socratem.

266 607 362 648 Inde
391 610 568 660 apparet,
599 608 632 648 si
653 607 862 648 Simonem
894 615 1073 660 unquam
1104 609 1144 648 in
1165 609 1265 648 vivis
1294 609 1418 649 fuisse
1448 609 1676 650 existimare

266 672 467 718 volumus,
506 683 590 712 non
620 683 749 723 pauca
779 672 831 712 ad
859 673 947 712 eius
976 684 1191 723 personam
1223 673 1498 714 exornandam
1530 674 1675 714 collata

266 747 355 777 esse
383 736 668 777 concedemus.

395 800 601 851 Epistulae
631 799 857 840 Socraticae
892 800 998 840 varia
1037 800 1087 839 de
1124 800 1292 840 Simone
1330 801 1512 848 afferunt,
1557 806 1599 840 ut
1635 803 1674 840 in

266 864 436 915 epistula
470 864 530 909 18,
561 875 641 914 qua
669 863 902 915 Xenophon
933 864 1087 904 amicos
1118 866 1159 903 ut
1188 864 1240 904 ad
1268 876 1311 904 se
1341 864 1487 904 adeant
1516 865 1674 905 invitat:

265 927 617 979 Προσαγορεύσατε
648 927 806 979 Σίμωνα
834 929 897 967 τὸν
919 928 1166 980 σκυτοτόμον,
1196 930 1264 967 καὶ
1293 929 1516 968 ἐπαινέσετε
1547 930 1673 976 αὐτόν,

265 993 321 1030 ὅτι
350 992 518 1030 διατελεῖ
548 991 752 1042 προσέχων
782 997 856 1037 τοῖς
886 992 1119 1042 Σωκράτους
1155 993 1292 1042 λόγοις,
1330 995 1397 1030 καὶ
1426 995 1512 1031 οὔτε
1540 994 1673 1031 πενίαν

265 1057 351 1094 οὔτε
380 1056 448 1106 τὴν
477 1055 617 1107 τέχνην
646 1055 838 1107 πρόφασιν
868 1055 1069 1095 αἰνίττεται
1097 1062 1163 1095 τοῦ
1194 1057 1245 1108 μὴ
1268 1057 1542 1107 φιλοσοφεῖνῑ).
1581 1057 1673 1108 Epi-

266 1120 393 1159 stulae
414 1120 438 1158 9
468 1119 709 1170 (Aristippus
730 1120 780 1158 ad
800 1119 1095 1168 Antisthenem)
1125 1120 1245 1159 verba
1275 1122 1322 1162 τὰ
1351 1121 1467 1158 λοιπὰ
1497 1122 1539 1158 δὲ
1567 1123 1675 1168 παρὰ

265 1183 421 1236 Σίμωνα
458 1184 521 1223 τὸν
558 1183 792 1236 σκυτοτόμον
829 1183 962 1236 βάδιζε
999 1183 1280 1236 διαλεγόμενος,
1316 1186 1359 1223 οὔ
1389 1185 1517 1237 μεῖζόν
1548 1198 1607 1224 σοι
1636 1186 1675 1225 ἐν

267 1248 383 1298 σοφίᾳ
411 1249 522 1286 οὐδὲν
553 1250 654 1286 ἔστιν
683 1247 764 1286 οὐδ’
800 1250 846 1286 ἄν
874 1248 1019 1299 γένοιτο
1049 1248 1197 1288 docent
1219 1249 1429 1288 Simonem
1461 1254 1674 1288 consuetu-

266 1311 402 1352 dinem
433 1315 472 1352 et
499 1311 805 1352 familiaritatem
836 1311 968 1363 egisse
997 1324 1089 1352 cum
1118 1311 1293 1353 Socratis
1322 1313 1461 1353 amicis
1490 1317 1529 1353 et
1557 1313 1674 1354 disci-

266 1376 383 1427 pulis.
414 1376 587 1417 Uberius
608 1378 748 1426 postea
779 1375 1022 1416 disseremus
1052 1377 1101 1416 de
1131 1376 1296 1428 dialogo
1317 1377 1547 1417 Phaedonis
1576 1389 1673 1428 qua-

265 1451 345 1492 que
384 1440 535 1480 ratione
573 1440 718 1480 sutoris
755 1451 928 1491 persona
966 1440 1198 1480 illustranda
1233 1441 1282 1480 sit
1311 1452 1359 1481 ex
1389 1441 1451 1481 his
1480 1441 1672 1492 epistulis.

265 1504 389 1553 Quod
419 1504 470 1543 ad
490 1503 669 1544 Simonis
699 1504 971 1544 auctoritatem
1001 1505 1150 1553 attinet,
1181 1505 1221 1543 in
1251 1505 1422 1555 epistula
1456 1505 1501 1544 13
1531 1505 1675 1556 legitur

265 1579 358 1609 eum
395 1579 477 1608 non
525 1568 649 1609 modo
688 1567 840 1609 Socrati
884 1569 1131 1619 persuasisse
1178 1569 1316 1619 (πάλαι
1353 1570 1421 1621 μὲν
1459 1568 1674 1620 Σωκράταν

265 1634 449 1680 ἔπειθες),
488 1633 559 1672 sed
589 1633 709 1672 etiarn
739 1633 1029 1684 pulcherrimos
1058 1635 1179 1684 atque
1210 1634 1487 1674 nobilissimos
1517 1634 1674 1674 adules-

265 1701 401 1738 centes
431 1697 539 1748 apud
576 1708 669 1737 eum
699 1699 878 1737 versatos
906 1708 1009 1745 esse,
1046 1709 1095 1737 ex
1124 1709 1205 1749 quo
1245 1698 1409 1738 fortasse
1439 1698 1675 1750 depromere

265 1773 497 1812 possumus,
536 1762 605 1812 qui
634 1762 703 1800 viri
742 1761 893 1801 inducti
930 1762 1075 1801 fuerint
1112 1763 1151 1801 in
1190 1763 1356 1813 dialogo
1393 1763 1586 1813 quodam,
1624 1765 1674 1803 de

264 1837 347 1878 quo
378 1830 517 1876 postea
547 1825 667 1865 verba
696 1825 852 1873 faciam,
882 1825 1130 1877 quandoque
1161 1826 1224 1866 hic
1252 1826 1440 1876 dialogus
1469 1827 1671 1877 conscrip-

264 1894 329 1929 tus
357 1890 418 1930 sit.

391 1953 569 1994 Nomina
606 1964 757 2000 eorum,
794 1953 862 2004 qui
892 1953 1043 2004 priores
1071 1953 1300 2001 afferuntur,
1330 1958 1424 1994 sunt
1453 1954 1571 1994 haec:
1609 1954 1672 1994 Al-

265 2018 455 2062 cibiades‚
486 2017 640 2058 Cliniae
667 2017 786 2065 filius,
816 2017 1021 2057 Phaedrus
1040 2017 1346 2069 Myrrhinusius‚
1377 2017 1672 2069 Euthydemus,

265 2082 488 2122 Glauconis
507 2082 626 2121 filius.
648 2070 1098 2121 Wilamowitzius‘recte
1118 2082 1398 2122 animadvertit
1418 2082 1567 2133 (l.c.,p.
1584 2083 1673 2130 191)

265 2148 343 2187 hoc
380 2147 471 2186 loco
509 2146 824 2197 intellegendum
863 2156 952 2186 esse
982 2145 1135 2186 Dioclis
1170 2145 1297 2185 filium
1330 2146 1675 2198 Euthydemum2)

265 2215 302 2250 et
323 2210 546 2251 Glauconis
567 2208 873 2260 Charmidem8),
903 2210 1110 2250 arbitratus
1140 2210 1336 2261 epistulae
1366 2213 1571 2251 auctorem
1602 2222 1675 2251 eos

264 2294 425 2327 Eustath.
451 2294 513 2326 Od.
533 2308 552 2334 ι,
567 2296 634 2327 390
659 2295 853 2338 abgekiirzt,
873 2304 938 2327 aus
952 2295 1138 2337 Σιμωνίδης.
1163 2310 1209 2315 -
1232 2294 1276 2326 cf.
1298 2295 1405 2326 etiam
1421 2295 1528 2328 verba
1550 2305 1603 2338 ep.
1622 2296 1674 2328 20.

264 2349 376 2381 Socr.:
404 2350 603 2389 dmudvtopa
626 2350 828 2392 Σωκράτους.

396 2404 428 2442 1)
455 2401 506 2434 Or.
539 2402 655 2442 verba,
685 2413 773 2445 quae
807 2402 892 2434 facit
919 2402 1013 2434 Simo
1043 2402 1077 2433 in
1111 2402 1260 2444 epistula
1296 2403 1345 2434 12.
1377 2402 1472 2435 Socr.
1508 2406 1613 2444 atque
1641 2403 1675 2433 in

264 2456 402 2498 dialogo
427 2455 636 2489 Phaedonis.

394 2511 428 2549 2)
452 2509 506 2541 De
533 2509 756 2553 Euthydemo
787 2509 859 2541 vid.
891 2509 1025 2550 Natorp
1053 2508 1190 2541 PWRE
1215 2509 1322 2540 V1.1.
1353 2520 1380 2541 s.
1417 2510 1469 2541 12.
1496 2509 1674 2547 Kirchner‚

263 2562 406 2606 Prosop.
428 2563 503 2596 Art.
530 2574 557 2596 s.
586 2563 687 2597 5520.

394 2619 428 2658 3)
451 2618 507 2649 De
531 2617 715 2649 Charmide
731 2617 868 2649 PWRE
894 2617 952 2648 111
966 2618 986 2648 2
1009 2626 1037 2649 s.
1058 2618 1077 2647 2
1102 2615 1295 2656 (Judeich).
1322 2616 1504 2653 Kirohner,
1529 2617 1672 2657 Prosop.

265 2668 339 2702 Att.
365 2679 391 2702 s.
422 2670 542 2704 15512.

705 2742 723 2754 Ο
