2138 3299
897 404 1164 445 -35-

319 544 413 571 σονα
449 533 519 570 καὶ
557 531 774 583 σοφώτερον
810 532 990 583 Προδίκω
1027 538 1078 571 τῶ
1108 533 1203 580 Κίω,
1251 534 1291 579 ὃς
1329 536 1402 584 ἔφα
1442 533 1653 584 ἀπελέγξαι
1691 547 1736 572 σε

318 597 432 634 αὐτὸν
461 597 549 646 περὶ
585 597 626 634 τὸ
657 596 846 648 ἐγκώμιον
885 598 926 635 τὸ
956 598 1007 643 εἰς
1036 599 1099 635 τὸν
1135 596 1336 648 Ἡρακλέα
1365 598 1569 650 γενόμενον
1600 599 1723 649 αὐτῷ>

318 659 659 698 verisimillimum
675 659 895 698 videbatur
909 661 993 698 iam
1003 660 1317 699 Wilamowitzio
1332 662 1408 700 hoc
1423 662 1512 700 loco
1527 662 1731 712 epistulae

317 727 528 762 auctorem
557 735 678 762 usum
707 736 794 762 esse
818 724 1051 763 Phaedonis
1081 725 1256 774 dialogo,
1288 726 1355 775 qui
1387 726 1612 776 inscriptus
1642 730 1731 764 erat

316 788 497 841 Σίμωνι);
524 788 624 826 haec
649 788 826 838 suspicio
850 800 945 827 cum
970 788 1205 827 affirmetur
1230 789 1413 839 Diogene
1434 790 1600 828 Laertio
1625 794 1732 828 teste

317 852 377 899 (ΙΙ
399 855 489 890 105;
531 853 731 903 διαλόγους
772 855 814 891 δὲ
851 853 1069 904 συνέγραψε
1114 856 1184 901 (se.
1217 853 1402 902 Phaedo)
1445 855 1627 905 γνησίους
1664 856 1732 906 μὲν

316 916 513 966 Ζώπυρον,
535 916 691 968 Σίμωνα
711 946 717 953 .
737 947 743 953 .
763 920 810 964 .),
838 917 994 955 maiore
1007 918 1096 956 iure
1118 918 1357 956 existimare
1372 918 1494 956 liceat
1510 919 1626 956 illurn
1643 919 1729 956 dia-

316 967 455 1028 loguifi
479 979 776 1029 perlustratum
797 991 894 1018 esse.
924 981 1086 1025 Restat,
1113 985 1159 1019 ut
1181 993 1288 1031 quae
1307 985 1409 1019 nota
1428 982 1510 1020 sint
1537 982 1588 1020 de
1609 982 1730 1020 huius

316 1044 467 1094 dialogi
498 1048 755 1094 argumento,
787 1045 1056 1096 inquiramus.
1115 1046 1283 1083 Praeter
1314 1045 1419 1084 duas
1450 1046 1729 1094 sententias²)‚

316 1120 419 1158 quas
449 1108 502 1146 ad
532 1108 765 1146 Phaedonis
796 1108 1005 1147 Simonem
1034 1109 1268 1148 referendas
1298 1121 1384 1147 esse
1413 1109 1627 1160 probabile
1655 1113 1732 1154 est,

316 1172 609 1211 tantummodo
632 1172 732 1211 haec
756 1173 934 1223 epistula
954 1173 1147 1212 certiores
1170 1185 1244 1212 nos
1268 1173 1367 1212 facit
1391 1174 1442 1213 de
1463 1174 1532 1212 illo
1555 1174 1730 1224 dialogo.

317 1237 353 1275 E
378 1237 514 1275 verbis
539 1249 646 1287 quae
670 1249 795 1286 supra
820 1238 956 1281 attuli,
982 1238 1134 1287 eisque,
1160 1250 1267 1287 quae
1291 1250 1453 1287 paragr.
1474 1241 1496 1275 2
1521 1239 1731 1287 leguntur:

324 1303 390 1340 (σὺ
425 1301 458 1340 δ’
493 1301 688 1354 ὁμολογῶν
725 1301 891 1353 εὐλόγως
929 1303 1076 1353 ἐρωτᾶν
1106 1301 1309 1354 Πρόδικον,
1340 1304 1381 1341 τὸ
1412 1302 1631 1342 ἀκόλουθον
1661 1304 1732 1342 οὐκ

316 1368 433 1416 ἔγνως
462 1368 523 1405 ἐπὶ
553 1373 712 1405 σαυτοῦ)
756 1371 873 1416 patet
898 1367 940 1404 in
966 1367 1041 1404 hoc
1069 1367 1230 1415 dialogo
1259 1366 1481 1411 Simonem,
1508 1372 1732 1416 postquam

315 1430 556 1480 perstrinxit
576 1429 858 1468 laudationem
880 1429 1045 1468 Prodici
1065 1430 1107 1468 in
1127 1429 1347 1469 Herculem
1366 1429 1536 1476 factam,
1558 1442 1583 1468 a
1602 1430 1731 1469 Phae-

315 1494 422 1532 done
448 1494 611 1532 irrisum
638 1506 736 1532 esse.
798 1494 934 1544 Quam
961 1494 1014 1533 ob
1041 1506 1127 1533 rem
1155 1506 1237 1532 non
1265 1494 1507 1544 putabimus
1535 1495 1610 1532 hoc
1639 1495 1729 1532 loco

314 1557 693 1607 epistolographum
727 1557 959 1596 doctrinam
991 1570 1110 1596 suam
1143 1558 1320 1608 petitam
1353 1570 1404 1596 ex
1439 1558 1729 1608 Xenophontis

315 1621 649 1660 Memorabilibus
679 1621 753 1669 (ΙΙ,
775 1621 915 1670 l,2l)³)
943 1622 1166 1672 explanare
1193 1621 1370 1660 voluisse
1379 1633 1388 1667 ;
1417 1634 1516 1660 nam
1543 1634 1565 1660 e
1593 1621 1730 1660 verbis

316 1688 362 1725 σὺ
373 1686 405 1725 δ’
423 1687 618 1738 ὁμολογῶν
634 1687 821 1738 εὐλόγως.
840 1716 847 1723 .
867 1716 874 1724 .
899 1697 1096 1736 apparere
1112 1685 1212 1724 mihi
1227 1686 1394 1724 videtur
1409 1698 1504 1726 eum
1519 1698 1602 1724 non
1619 1686 1733 1724 nulla

313 1751 479 1789 scivisse
492 1751 542 1789 de
555 1751 623 1788 illo
637 1750 890 1800 dialogo,sed
911 1750 946 1788 ei
959 1754 1062 1789 nota
1073 1750 1197 1788 fuisse
1211 1751 1338 1788 etiam
1350 1750 1482 1800 plura,
1497 1754 1543 1788 ut
1556 1750 1733 1788 fortasse

314 1827 382 1853 eos
397 1815 519 1859 viros,
530 1826 707 1865 quorum
721 1815 877 1853 mentio
891 1814 940 1851 fit
955 1815 997 1852 in
1011 1815 1087 1852 hac
1102 1814 1327 1863 epistula⁴)‚
1344 1817 1416 1852 aut
1430 1814 1472 1852 in
1486 1814 1555 1852 illo
1569 1814 1732 1863 dialogo

446 1924 478 1962 l)
505 1921 654 1954 Hermae
676 1924 702 1953 t.
719 1921 816 1960 XIV,
840 1931 872 1963 p.
895 1922 1018 1962 187sq.

446 1976 480 2016 2)
505 1975 662 2008 Alteram
679 1975 816 2018 (Julian
837 1984 890 2016 ep.
912 1976 955 2007 59
969 1985 1003 2017 p.
1021 1973 1082 2007 751
1098 1974 1268 2011 Hertlein.
1291 1976 1393 2014 1875)
1419 1975 1556 2006 invenit,
1573 1974 1731 2008 ,Iacobus

317 2029 470 2072 Bernays
494 2028 579 2070 (vid,
595 2028 840 2067 Wssamowstz,
864 2028 885 2060 l.
912 2038 941 2060 c.
967 2038 998 2069 p.
1017 2028 1085 2059 476
1109 2026 1313 2069 Nachtrag)‚
1337 2027 1484 2060 alteram
1509 2028 1649 2069 (Senec.
1674 2038 1727 2069 ep.

315 2083 368 2121 94,
391 2083 433 2114 41
458 2081 514 2115 ed.
532 2082 665 2124 Hense)
692 2081 899 2124 Rudolphus
922 2080 1051 2113 Hirzel.
1079 2080 1175 2113 Haec
1199 2084 1269 2113 est:
1299 2081 1458 2122 „Minuta
1482 2080 1666 2123 quaedam,
1689 2085 1730 2113 ut

312 2137 363 2167 ait
385 2135 561 2171 Phaedon,
586 2136 751 2167 animalia
767 2145 848 2166 cum
872 2134 1043 2170 mordent,
1066 2144 1133 2165 non
1151 2135 1368 2165 sentiuntur.
1393 2134 1494 2166 Adeo
1517 2135 1637 2166 tenuis
1661 2135 1730 2165 illis

313 2192 349 2221 et
373 2187 499 2220 fallens
530 2188 564 2220 in
597 2188 791 2231 perieulum
821 2187 875 2220 vis
899 2191 963 2220 est.
1014 2187 1144 2219 Tumor
1174 2186 1306 2219 indicat,
1337 2197 1492 2220 morsum
1521 2191 1559 2219 et
1595 2188 1628 2219 in
1655 2187 1729 2230 ipso

312 2246 450 2274 tumore
479 2243 615 2274 nullum
641 2242 772 2274 vulnus
802 2245 955 2284 apparet.
1002 2241 1101 2273 Idem
1124 2241 1186 2272 tibi
1219 2242 1253 2272 in
1278 2242 1548 2274 conversatione
1576 2242 1730 2273 virorum

313 2296 525 2339 sapientium
548 2296 702 2329 eveniet.
735 2295 814 2328 Non
831 2294 1081 2338 deprehendes.
1106 2294 1403 2336 quemadmodum
1427 2298 1491 2328 aut
1507 2294 1647 2338 quando
1666 2295 1729 2326 tibi

312 2350 432 2392 prosit,
448 2349 622 2391 profuisse
639 2348 910 2391 deprehendes.“
943 2349 1022 2380 Illa:
1052 2350 1193 2386 ,,ἀκούεις
1215 2350 1330 2380 ἐκεῖνον
1354 2350 1407 2381 τὸν
1425 2348 1549 2381 Ἠλεῖον
1572 2348 1728 2384 Φαίδωνα,

311 2404 361 2436 καὶ
375 2405 431 2444 τὴν
447 2404 587 2445 ἱστορίαν
602 2404 767 2436 ἐπίστασαι
787 2428 794 2435 .
811 2427 818 2433 .
836 2426 843 2434 .
860 2405 977 2436 ἐκεῖνος
989 2404 1124 2443 ἐνόμιζεν
1139 2403 1232 2440 οὐδὲν
1249 2403 1376 2435 ἀνίατον
1392 2403 1470 2436 εἶναι
1487 2405 1526 2446 τῇ
1546 2403 1728 2445 φιλοσοφίᾳ,

314 2460 433 2490 πάντας
453 2459 489 2489 δὲ
515 2460 548 2489 ἐκ
571 2460 695 2489 πάντων
726 2457 775 2489 ὑπ’
801 2459 901 2499 αὐτῆς
927 2457 1139 2498 καθαίρεσθαι
1160 2458 1240 2496 βίων
1263 2458 1522 2498 ἐπιτηδευμάτων
1545 2459 1728 2495 ἐπιθυμιῶν.

314 2512 437 2543 πάντων
460 2510 654 2547 ἁπαξαπλῶς
674 2514 737 2542 τῶν
759 2511 921 2544 τοιούτων.
945 2511 973 2541 εἰ
997 2510 1058 2552 γὰρ
1081 2512 1149 2541 τοῖς
1170 2510 1204 2541 εὖ
1221 2511 1374 2550 πεφυκόσι
1397 2511 1448 2541 καὶ
1471 2510 1573 2542 καλῶς
1593 2511 1729 2551 τεθραμ-

311 2566 418 2603 μένοις
440 2565 564 2606 ἐπήρκει
591 2565 697 2603 μόνον,
728 2565 820 2596 οὐδὲν
848 2563 885 2595 ἂν
908 2565 944 2605 ἦν
967 2564 1154 2602 θαυμαστὸν
1177 2564 1213 2594 τὸ
1236 2563 1302 2595 κατ’
1329 2564 1437 2606 αὐτὴν.
1468 2565 1497 2595 εἰ
1520 2565 1556 2595 δὲ
1585 2563 1634 2594 καὶ
1657 2563 1728 2594 τοὺς

313 2617 401 2648 οὕτω
426 2619 639 2656 διακειμένους
662 2619 771 2658 ἀνάγει
795 2618 872 2658 πρὸς
886 2618 922 2648 τὸ
938 2620 1016 2657 φῶς,
1040 2617 1126 2647 δοκεῖ
1137 2628 1192 2655 μοι
1215 2618 1433 2657 διαφερόντως
1447 2617 1525 2648 εἶναι
1543 2617 1726 2647 θαυαάσιον.

444 2670 479 2711 3)
505 2670 635 2709 Obens,
659 2670 681 2703 l.
705 2681 748 2706 c..
772 2681 804 2712 p.
825 2670 879 2702 20.

443 2724 479 2762 4)
502 2725 545 2757 cf.
573 2735 662 2766 quae
685 2728 768 2756 aute
793 2724 944 2756 diximus
971 2734 1048 2766 pag.
1075 2724 1176 2765 2lsq.

1492 2777 1531 2808 3*
