2138 3299
902 391 1168 431 „45-

329 517 437 556 Plut.
469 517 610 556 Moral.
643 528 681 567 p.
702 519 775 556 581
796 517 835 556 D
1034 530 1096 568 ep.
1131 517 1240 557 Socr.
1265 521 1298 564 l,
1328 530 1504 610 paragr&
1510 522 1552 610 191
1571 519 1738 621 (7Her;:h.

1421 584 1458 622 p.
1561 604 1569 617 ,
1608 585 1667 624 sq.

407 635 665 687 Πυριλάμπης
697 637 718 674 ὁ
753 635 1011 687 Ἀντιφῶντος
1119 638 1153 675 οἱ
1183 639 1251 689 μὲν
1280 639 1346 675 οὖν
1375 637 1527 683 πλείους
1555 639 1650 687 πρὸς
1678 640 1741 688 ὀρ-

329 700 444 746 ἁλοὺς
474 701 514 739 ἐν
543 706 590 751 τῇ
611 698 738 747 διώξει
761 702 849 752 περὶ
870 700 1009 752 Δήλιον
1065 702 1138 752 γὴν
1168 701 1336 752 ὡσπερεὶ
1357 701 1559 749 παίζοντος
1579 702 1671 753 ἐμοῦ
1702 703 1741 740 ἐν

328 764 389 815 ὑφ’
425 765 535 817 ἡμῶν
564 765 728 816 δορατίῳ
758 766 1006 817 τετρωμένος,
1064 768 1136 804 οὐκ
1165 766 1369 816 ἐπιτηδείῳ
1399 771 1524 816 καιρῷ
1544 766 1740 816 ὁρμήσαν-

328 829 379 873 ὡς
407 829 567 878 ἢκουσε,
597 830 653 866 ὅτι
679 829 893 879 Σωκράτης
922 829 1002 880 μετ’
1065 842 1125 874 τες
1155 830 1313 868 εὐθεῖαν
1332 829 1520 880 ἐβάδιζον,
1551 829 1670 878 ὀλίγοι
1699 829 1741 867 δέ

327 891 582 943 Ἀλκιβιάδου
623 893 692 930 καί
726 891 908 943 Λάχητος
947 893 1009 930 ἐπὶ
1064 906 1161 938 τινες
1179 892 1426 942 ἐπείσθησαν
1455 894 1522 931 καὶ
1542 893 1611 942 τὴν
1632 893 1740 932 ἐναν-

333 954 539 1005 Ῥηγίστης
555 955 730 1007 καταβὰς
747 956 1004 1005 ἀπονενοστή-
1060 956 1143 993 τίαν
1181 957 1265 1006 ἐμοὶ
1295 956 1634 1006 συναπετράποντο
1672 986 1679 993 .
1698 986 1705 993 .
1724 986 1732 994 .

324 1031 398 1065 κοι,
422 1018 550 1058 πολλὰ
571 1019 639 1071 μὲν
659 1025 790 1057 τοῦτον
814 1018 1001 1058 ἀνεκαλέ-
1057 1021 1125 1058 καὶ
1153 1020 1289 1058 οἴκαδε
1317 1019 1568 1072 πορευόμενοι
1607 1019 1739 1058 διεσώ-

327 1097 434 1130 σατο,
463 1084 590 1122 πολλὰ
606 1084 650 1123 δὲ
666 1084 797 1134 φίλους
813 1086 918 1130 τινὰς
936 1086 1004 1122 καὶ
1061 1086 1209 1134 θησαν,
1233 1087 1319 1130 τοὺς
1342 1084 1382 1122 δ’
1399 1085 1540 1130 ἄλλους
1557 1086 1666 1134 ἥκων
1688 1097 1741 1130 τις

324 1147 492 1199 λοχίτας,
523 1149 578 1193 οἶς
607 1148 750 1200 συνέβη
779 1148 858 1199 μετ’
890 1149 1006 1186 αὐτοῦ
1056 1146 1473 1199 ἐξαύτῶνπάνταςέφη
1485 1148 1738 1187 ἀπολωλέναι·

326 1214 435 1262 παρὰ
464 1213 533 1262 τὴν
563 1212 762 1262 Πάρνηθα
799 1214 1004 1262 φεύγουσιν
1061 1213 1114 1257 εἰς
1126 1215 1202 1263 γὰρ
1216 1214 1302 1257 τοὺς
1318 1213 1457 1258 ἱππέας
1470 1214 1652 1263 ἐμπεσεῖν
1666 1218 1740 1250 τῶν

326 1277 399 1314 ὑπὸ
428 1281 502 1314 τῶν
522 1275 721 1327 ἡμετέρων
744 1275 889 1314 ἱππέων
911 1277 1008 1314 ἀπο·
1062 1275 1254 1326 πολεμίων
1297 1275 1522 1321 ἐπανιόντας
1561 1277 1637 1314 ἀπὸ
1673 1281 1741 1325 τῆς

327 1341 476 1384 θανεῖν,
507 1340 558 1385 ὡς
578 1346 644 1377 τοῦ
664 1339 896 1389 Σωκράτους
925 1340 1005 1378 δαι-
1063 1339 1227 1385 διώξεως
1231 1369 1403 1386 .......
1425 1343 1573 1385 πάντας
1602 1340 1738 1377 ἀπολέ-

326 1403 456 1456 μονίου
491 1403 834 1454 παρακούσαντας,
870 1403 1005 1454 ἑτέραν
1063 1403 1174 1449 σθαι,
1195 1405 1309 1450 αὐτὸς
1329 1404 1372 1444 δὲ
1391 1404 1412 1442 ὁ
1427 1410 1547 1442 ταῦτα
1568 1403 1740 1454 ἀπαγγέ-

323 1468 424 1513 ὁδὸν,
445 1469 518 1518 οὐχ
535 1468 584 1517 ἣν
601 1468 746 1512 ἐκεῖνος
762 1468 847 1517 ἦγε,
867 1480 1001 1517 τρεπο-
1058 1467 1136 1505 λων
1163 1468 1399 1518 τραυματίας
1428 1469 1578 1517 ἀφῖκτο,
1620 1468 1739 1518 μόνην

324 1531 461 1582 μένους
490 1532 567 1569 ἀπὸ
596 1536 666 1581 τῆς
697 1531 837 1582 μάχης.
1061 1532 1131 1581 τὴν
1161 1531 1309 1570 ἀσπίδα
1341 1531 1487 1579 σώζων.

456 1595 675 1632 Praeterea
687 1594 798 1633 idern
812 1597 1032 1638 tractatur,
1047 1594 1234 1633 conferas
1248 1595 1371 1633 velim
1387 1595 1598 1633 Plutarchi
1613 1594 1741 1633 verba

324 1661 401 1698 ἀπὸ
421 1664 495 1698 τῶν
510 1659 709 1710 ἡμετέρων
730 1658 875 1697 ἱππέων
896 1660 1124 1702 ἀποθανεῖν,
1142 1659 1194 1706 ὥς
1210 1666 1276 1698 τοῦ
1293 1659 1524 1710 Σωκράτους
1545 1660 1739 1711 δαιμονίου

324 1723 666 1774 παρακούσαντας,
697 1722 832 1772 ἑτέραν
852 1723 953 1766 ὁδὸν,
984 1725 1056 1773 οὐχ
1074 1723 1121 1772 ἢν
1141 1724 1286 1768 ἐκεῖνος
1304 1723 1376 1773 ἥγε
1403 1752 1410 1760 .
1429 1752 1437 1760 .
1456 1752 1463 1760 .
1490 1734 1624 1773 neque
1642 1734 1740 1761 vero

322 1786 622 1835 neglegendum
646 1786 748 1824 mihi
773 1786 940 1824 videtur
965 1785 1006 1823 in
1032 1785 1168 1824 verbis
1193 1798 1300 1836 quae
1326 1786 1577 1824 antecedunt
1603 1788 1652 1834 (e.
1676 1788 1739 1834 10)

321 1849 524 1900 epistulae
544 1848 725 1888 Socratis
744 1849 873 1887 verba
889 1849 973 1887 iam
993 1849 1182 1888 adhibita
1200 1849 1342 1888 fuisse:
1373 1851 1408 1889 οἱ
1435 1852 1503 1902 μὲν
1521 1852 1587 1890 οὖν
1605 1850 1740 1889 πολλοὶ

323 1915 630 1965 συνανέστρεφον
654 1944 767 1952 .....
796 1917 837 1952 et
854 1913 1127 1965 Plutarchum
1141 1913 1211 1952 illo
1229 1913 1319 1952 loco
1334 1925 1417 1952 non
1433 1914 1587 1952 eisdem
1604 1913 1740 1952 verbis

320 1978 383 2016 uti
415 1978 604 2016 voluisse.
670 1977 860 2028 Denique
890 1977 1003 2027 quod
1034 1989 1117 2015 non
1149 1977 1385 2027 discrepant
1417 1977 1666 2016 Plutarchus
1697 1981 1738 2015 et

321 2041 474 2087 Cicero,
496 2041 609 2093 quod
630 2042 684 2080 ad
704 2041 833 2080 verba
851 2041 903 2081 de
922 2041 1103 2081 Lachete
1122 2041 1236 2080 facta
1255 2041 1422 2087 attinet,
1443 2041 1628 2081 conicere
1648 2053 1739 2092 pos-

320 2117 465 2144 sumus
494 2107 570 2144 hos
601 2109 685 2144 tres
715 2105 894 2144 eundem
924 2105 1084 2144 fontem
1112 2108 1276 2144 secutos
1306 2117 1406 2150 esse,
1438 2117 1522 2156 qua
1551 2106 1593 2144 in
1623 2118 1667 2144 re
1696 2109 1738 2144 et

320 2170 523 2221 epistulae
556 2170 679 2209 huius
715 2173 858 2209 auctor
892 2173 933 2208 et
969 2169 1216 2209 Plutarchus
1251 2169 1340 2209 aliis
1373 2170 1501 2209 etiam
1535 2170 1739 2209 arcessitis

321 2234 560 2273 auctoribus
581 2234 864 2273 narrationem
885 2234 1190 2279 exornaverint,
1212 2234 1246 2272 si
1267 2245 1350 2272 non
1372 2234 1609 2285 accipimus,
1632 2246 1740 2285 quae

320 2298 547 2337 traduntur
562 2298 615 2336 de
630 2298 729 2348 fuga
743 2297 828 2342 illa,
845 2298 1051 2337 exstitisse
1066 2298 1109 2337 in
1129 2297 1433 2337 Socraticorum
1449 2298 1657 2348 dialogis1)
1673 2298 1740 2336 vel

323 2361 505 2401 Socratis
533 2361 631 2400 vitis
660 2361 782 2400 hodie
810 2361 980 2400 uoniam
1007 2360 1228 2409 servatis2).

450 2449 483 2488 1)
507 2447 635 2487 Himel,
662 2447 805 2488 Dialog¹
839 2447 868 2479 I.
893 2457 928 2489 p.
948 2448 1020 2485 125,
1055 2447 1303 2484 narrationem,
1332 2457 1401 2489 qua
1432 2447 1614 2481 Socratem
1644 2446 1739 2489 apud

319 2501 463 2534 Delium
487 2500 626 2535 fortiter
649 2509 828 2544 pugnasse
851 2500 1122 2539 demonstratur,
1152 2499 1324 2533 Archelao
1345 2500 1570 2535 Antisthenis
1597 2499 1738 2542 dialogo

319 2554 520 2588 adiudicare
542 2555 632 2588 vult.

448 2610 483 2651 2)
507 2608 626 2642 Obens
649 2608 782 2642 iudicat
808 2618 840 2652 p.
858 2607 914 2643 16:
940 2608 1029 2641 Cum
1045 2608 1250 2642 Ciceronem
1274 2618 1318 2641 ex
1340 2607 1439 2641 libris
1451 2608 1630 2651 Antipatri
1654 2607 1740 2641 hau-

319 2664 408 2697 sisse
432 2663 524 2696 inter
546 2664 639 2696 viros
663 2663 787 2696 doctos
811 2666 959 2702 constet,
989 2663 1282 2696 verisimillimum
1307 2665 1360 2695 est
1388 2662 1594 2705 scriptorem
1618 2662 1738 2704 ipsum

319 2717 422 2749 illum
444 2720 625 2749 auctorem
648 2719 810 2749 secutum
835 2726 920 2750 esse.
