2138 3299
842 370 1109 410 -19-

268 500 370 551 αὐτῷ
400 501 467 538 καὶ
497 500 617 551 μηδὲν
648 500 930 551 διαφορώτερον
959 507 1024 539 τοῦ
1053 501 1189 540 τέκνου
1219 507 1380 553 τιμῶσα.
1413 502 1515 542 Cum
1546 514 1679 554 neque

267 563 378 604 Plato
408 574 541 615 neque
566 564 799 616 Xenophon
828 566 1045 617 quicquam
1076 566 1293 606 rettulerint
1322 566 1371 606 de
1401 567 1563 607 duabus
1592 567 1679 618 phi-

270 627 433 679 losophi
471 628 676 677 uxoribus,
715 630 999 669 tantummodo
1037 632 1166 677 restat,
1201 635 1243 670 ut
1279 631 1376 670 nulli
1414 631 1480 670 alii
1517 631 1570 671 rei
1602 631 1679 670 nisi

270 692 631 732 obtrectationibus
660 694 903 743 aequalium,
934 705 1038 744 quos
1067 695 1191 733 secuti
1222 699 1316 733 sunt
1345 696 1556 745 scriptores
1584 706 1678 746 pos-

266 756 420 797 terioris
460 757 612 804 aetatis,
652 761 777 798 totam
825 757 1031 798 fictionem
1075 758 1419 807 adiudicemus¹);
1470 764 1590 810 atque
1630 771 1679 800 ex

266 820 461 861 omnibus
490 832 595 873 quae
617 823 815 870 constant,
845 821 1032 862 affirmari
1055 822 1210 862 videtur
1229 821 1510 864 Aristoxenum
1532 822 1677 864 Taren-

266 885 395 925 tinum
438 886 512 933 (ca.
553 886 632 926 300
672 897 706 925 a.
748 885 838 926 Chr.
880 885 978 937 nat.)
1023 887 1074 927 ad
1115 887 1249 939 spuria
1291 888 1390 928 haec
1430 887 1678 939 divulganda

267 949 438 1000 plurima
475 950 666 990 attulisse.
724 950 782 990 Ex
819 962 866 991 ea
911 954 1043 991 autem
1083 963 1123 991 re
1169 953 1279 1003 quod
1323 953 1677 1003 epistolographus

266 1013 413 1064 profert
469 1014 575 1054 illam
634 1015 970 1055 consuetudinem
1018 1016 1173 1056 sincera
1221 1016 1386 1064 ratione,
1443 1017 1573 1056 elucet
1628 1027 1675 1057 ea

266 1081 407 1125 aetate,
437 1090 516 1129 qua
547 1079 688 1130 scripta
719 1080 769 1119 sit
798 1080 981 1131 epistula,
1012 1081 1118 1121 hanc
1133 1080 1310 1121 Socratis
1339 1082 1559 1132 bigamiam
1591 1092 1675 1121 non

266 1141 344 1180 iarn
374 1142 491 1182 valde
520 1143 698 1190 dubiam,
729 1143 802 1183 sed
831 1144 932 1183 inter
960 1154 1106 1184 omnes
1135 1149 1273 1184 notam
1303 1145 1447 1184 tuisse:
1482 1156 1586 1196 quae
1617 1148 1676 1185 est

265 1205 343 1246 alia
360 1217 494 1254 causa,
515 1218 583 1246 cur
598 1207 811 1258 epistulam
835 1208 1126 1259 posterioribus
1140 1209 1392 1260 temporibus
1408 1210 1675 1260 conscriptam

267 1281 355 1310 esse
385 1271 540 1311 facilius
569 1271 862 1322 intellegamus.
895 1272 1101 1313 Praeterea
1131 1279 1354 1313 memoratu
1375 1274 1547 1324 dignum
1578 1275 1676 1313 mihi

268 1333 426 1395 videtur
453 1335 571 1375 etiam
601 1347 711 1376 anno
738 1335 817 1376 356
852 1359 885 1365 —-
922 1337 1000 1377 hoc
1028 1337 1134 1376 enim
1167 1348 1277 1377 anno
1305 1337 1531 1389 Aristippus
1561 1338 1676 1378 vivus

265 1404 604 1439 commemoratur
619 1421 659 1426 —
672 1405 874 1440 auctorem
894 1402 1032 1441 harum
1049 1402 1262 1441 litterarum
1280 1404 1490 1452 utramque
1499 1401 1675 1442 Socratis

265 1473 429 1502 uxorem
445 1463 545 1503 inter
559 1464 673 1504 vivos
694 1475 783 1504 esse
799 1465 1037 1516 prodidisse,
1059 1476 1163 1515 quae
1185 1476 1247 1504 res
1263 1465 1485 1516 probabilis
1500 1477 1583 1505 non
1601 1471 1671 1506 est.

393 1527 453 1567 De
482 1527 730 1579 Lamprocle,
760 1529 845 1569 filio
874 1528 1050 1569 Socratis
1079 1529 1144 1580 (cf.
1174 1529 1361 1581 Xenoph.
1391 1530 1617 1570 Memorab.
1646 1530 1673 1570 11

264 1592 301 1631 2.
326 1592 357 1630 1.
388 1591 509 1643 Diog.
539 1593 580 1631 L.
601 1593 725 1643 1126),
755 1594 905 1633 scimus
934 1605 1027 1633 eum
1057 1598 1167 1645 patre
1196 1605 1231 1633 a.
1262 1594 1340 1633 399
1370 1595 1566 1634 moriente
1597 1608 1674 1646 μει-

266 1657 400 1708 ράκιον
421 1657 500 1708 ἢδη
529 1657 653 1698 fuisse
674 1657 788 1708 (Plat.
810 1658 918 1710 apol.
939 1658 991 1698 34
1007 1658 1054 1698 D.
1077 1658 1225 1698 phaed.
1251 1659 1324 1699 116
1340 1658 1389 1710 Β)
1409 1663 1530 1711 atque
1551 1659 1674 1711 paulo

265 1725 357 1761 ante
388 1726 555 1761 mortem
578 1723 700 1772 patris
729 1734 820 1762 curn
840 1723 1071 1773 Xanthippe
1093 1727 1216 1762 matre
1240 1735 1287 1763 ac
1308 1724 1471 1762 duobus
1490 1724 1675 1763 fratribus

264 1785 305 1826 in
335 1797 489 1827 carcere
509 1791 707 1827 versatum
739 1796 828 1828 esse
857 1787 971 1838 (plat.
992 1787 1141 1828 Phaed.
1168 1788 1241 1828 116
1255 1788 1316 1836 Β).
1346 1787 1387 1828 In
1418 1789 1672 1839 paragrapho

265 1855 403 1900 quarta
434 1851 554 1890 huius
583 1852 779 1902 epistulae
799 1851 1025 1891 Socraticae
1045 1851 1270 1902 Aristippus
1300 1852 1394 1891 dicit
1422 1862 1465 1890 se
1495 1852 1672 1901 Megaris

265 1925 355 1955 curn
386 1915 454 1955 illo
484 1917 776 1956 commoratum
806 1926 896 1955 esse
927 1916 982 1963 (ὃς
1011 1916 1051 1954 ἐν
1079 1914 1271 1967 Μεγάροις
1299 1915 1431 1967 ὡμίλει
1461 1918 1552 1966 μοι),
1590 1926 1670 1966 qua

265 1991 304 2019 re
325 1980 483 2030 probari
504 1980 658 2019 videtur
672 1979 932 2030 Aristippum,
954 1982 1169 2030 postquam
1185 1979 1370 2019 Socrates
1389 1980 1468 2019 vita
1489 1980 1670 2026 excessit,

263 2043 441 2094 Megaris
470 2043 612 2090 fuisse;
642 2043 714 2083 sed
744 2044 862 2084 etiarn
894 2044 972 2084 hoc
999 2043 1091 2083 loco
1112 2045 1341 2095 temporum
1372 2044 1555 2083 ordinem
1587 2054 1670 2083 non

264 2113 461 2149 servatum
492 2120 581 2149 esse
611 2109 662 2148 ab
691 2109 1022 2160 epistolographo
1052 2109 1221 2148 libenter
1249 2109 1545 2148 confitebimur.

675 2216 712 2256 5.
743 2216 810 2256 De
839 2215 1042 2256 Simone
1072 2220 1255 2256 sutore.

392 2280 610 2331 Egregium
647 2292 740 2321 vero
778 2281 954 2320 studium
985 2282 1322 2331 consumpserunt
1351 2280 1671 2330 epistolographi

264 2345 304 2384 in
343 2343 511 2385 Simone
549 2347 683 2386 sutore
720 2350 879 2397 (graece
917 2344 1177 2396 σκυτοτόμος),
1221 2355 1341 2396 quem
1388 2356 1522 2396 neque
1559 2344 1670 2384 Plato

396 2430 428 2472 l)
451 2429 496 2462 cf.
509 2430 678 2472 imprimis
691 2429 1027 2474 Bentley-Ribbeck,
1040 2441 1072 2472 p.
1087 2430 1164 2462 553.
1178 2428 1306 2461 Luzac.
1320 2428 1508 2461 Lectiones
1520 2428 1670 2464 Atticae.
1712 2442 1714 2444 ’

267 2484 370 2517 1809;
412 2484 464 2516 De
493 2483 648 2527 bigamia
678 2483 843 2517 Socratis.
879 2500 914 2505 —
950 2484 994 2517 H.
1021 2485 1220 2518 Buermann
1253 2483 1349 2524 (Drei
1374 2483 1523 2516 Studien
1553 2482 1614 2515 auf
1636 2482 1668 2515 d.

263 2537 412 2570 Gebiete
442 2537 475 2570 d.
506 2540 570 2570 att.
595 2538 744 2571 Rechts:
780 2540 812 2578 1)
834 2537 907 2571 Das
937 2539 1094 2580 legitime
1117 2538 1348 2569 Konkubinat.
1371 2537 1433 2570 der
1456 2538 1613 2570 Athener
1635 2547 1669 2568 u.

262 2590 296 2623 d.
319 2591 516 2624 vermeintl.
540 2591 701 2635 Bigamie
724 2591 787 2625 des
808 2591 1001 2632 Sokrates),
1024 2591 1145 2625 Jahrb.
1170 2590 1194 2623 f.
1216 2590 1322 2624 klass.
1348 2590 1473 2623 Philol.
1499 2592 1531 2624 9.
1549 2589 1668 2633 Suppl.

266 2643 404 2683 1877l8,
429 2656 461 2688 p.
479 2645 611 2688 5843q„
649 2646 708 2688 qui
734 2645 972 2678 demonstrare
995 2644 1132 2677 studuit
1154 2644 1335 2679 Socratem
1357 2655 1429 2677 uno
1453 2648 1610 2687 tempore
1634 2646 1670 2675 et

262 2698 489 2742 Xanthippen
513 2703 549 2732 et.
571 2699 771 2744 Myrtonem
798 2709 925 2732 uxores
948 2698 1122 2738 habuisse,
1146 2698 1322 2731 refutatus
1346 2701 1401 2731 est
1425 2697 1668 2731 dissertatione

262 2752 442 2796 Rudolphi
453 2753 722 2795 Zimmermann,
735 2755 788 2787 De
801 2754 988 2787 nothorum
998 2753 1149 2787 Athenis
1161 2753 1378 2788 condicione.
1395 2752 1556 2786 Mederiei
1569 2752 1667 2784 1886.
