2138 3299
871 395 1137 434 ...47-

429 523 644 574 Epistulae
664 526 711 561 14
734 526 923 563 extrema
947 523 1032 562 fere
1049 522 1178 562 verba
1196 523 1249 562 ad
1267 523 1440 562 eandem
1457 522 1708 562 sententiam

298 587 526 633 adducunt,
554 591 602 626 ut
629 587 815 638 dialogus
843 600 868 626 a
897 588 1108 627 Socratico
1133 587 1316 638 quodam
1343 588 1586 638 philosopho
1613 599 1707 626 con-

295 652 475 701 scriptus
500 651 712 689 adhibitus
735 652 801 690 sit.
852 652 909 691 Ut
934 653 1018 690 iam
1042 651 1142 696 dixi,
1168 647 1246 688 hac'
1271 651 1447 702 epistula
1470 663 1553 690 non
1578 663 1708 690 unum

296 717 465 754 tanturn
492 715 702 766 dialogum
728 728 985 762 conversum,
1013 716 1086 755 sed
1113 715 1343 766 complures
1371 715 1541 754 collatos
1567 728 1655 755 esse
1684 728 1708 754 a

297 791 395 817 vero
413 791 496 818 non
517 779 722 818 abhorret.
763 780 854 818 Iam
873 779 1055 830 antiquis
1074 779 1330 829 temporibus
1349 779 1400 817 de
1419 779 1507 817 vita
1528 779 1707 818 Socratis

295 842 649 893 sermonibusque,
680 843 830 893 quibus
858 842 1118 888 interfuerat,
1147 842 1348 892 imprimis
1377 854 1480 893 quos
1508 843 1708 893 supremis

299 906 444 944 diebus
463 906 625 951 habuit,
645 918 728 944 non
748 918 855 944 unus
875 910 1001 957 atque
1020 906 1130 945 idem
1148 911 1237 945 erat
1258 910 1415 951 auctor,
1435 907 1507 945 sed
1527 906 1647 945 multi
1665 911 1706 944 et

297 969 462 1014 diversi,
488 981 664 1019 quorum
689 970 806 1015 alter,
831 973 878 1008 ut
902 970 1036 1015 Plato,
1060 971 1175 1014 haec,
1201 968 1270 1007 alii
1294 969 1375 1008 alia
1398 969 1705 1018 tradideruntl).

297 1033 393 1073 Pari
410 1034 535 1073 modo
554 1034 605 1073 de
624 1034 806 1085 personis
825 1035 1072 1087 quibuscum
1090 1035 1316 1074 collocutus
1335 1039 1423 1073 erat
1446 1034 1634 1074 Socrates
1654 1035 1708 1073 ad

297 1110 483 1148 quosque
504 1099 632 1136 verba
651 1098 805 1137 fecerat
827 1099 999 1150 aliquot,
1021 1103 1181 1137 certum
1203 1099 1284 1137 dici
1304 1110 1387 1137 non
1409 1102 1587 1148 poterat,
1609 1098 1709 1148 quia

296 1174 379 1201 non
392 1162 533 1201 omnia
545 1174 652 1213 quae
665 1162 897 1203 confecerat
910 1164 1106 1213 magister
1120 1162 1425 1201 accuratissime
1438 1166 1479 1200 et
1494 1162 1709 1212 diligenter

295 1226 495 1264 memoria
523 1226 681 1264 servari
711 1230 949 1276 potuerunt.
1013 1226 1155 1264 Etiam
1185 1226 1227 1263 in
1259 1226 1336 1263 hac
1367 1225 1546 1275 epistula
1576 1225 1710 1263 multa

297 1293 531 1335 occurrunt,
557 1301 664 1340 quae
689 1289 787 1328 alibi
811 1289 967 1328 frustra
990 1301 1166 1340 quaeras
1192 1294 1319 1340 atque
1343 1289 1532 1339 deposita
1556 1290 1709 1340 cogites

297 1353 409 1403 apud
427 1357 637 1391 auctorem
656 1354 864 1404 quendam
881 1354 1003 1393 hodie
1021 1354 1240 1404 perditum.
1277 1353 1427 1392 Variae
1443 1353 1708 1402 sententiae2)

298 1417 351 1455 ad
370 1429 473 1467 quos
493 1421 681 1456 auctores
699 1422 903 1468 spectent,
922 1431 1005 1457 non
1023 1418 1126 1457 nihil
1143 1418 1361 1462 nescimus,
1381 1417 1569 1456 conferas
1588 1430 1649 1456 ex.
1672 1429 1705 1456 e.

297 1480 425 1519 verba
451 1493 613 1531 paragr.
644 1484 685 1519 6:
716 1484 780 1521 νῦν
808 1484 884 1533 γὰρ
913 1484 1012 1522 θάνε
1039 1482 1238 1534 Ὀλύμπια
1266 1480 1471 1532 aliaque⁸).

402 1601 463 1636 21.
496 1598 716 1637 Platonis
746 1599 938 1638 Phaedo
965 1603 1011 1638 et
1041 1599 1306 1644 Phaedrus:
1337 1598 1591 1637 Charicles

429 1673 478 1711 In
500 1674 760 1725 paragrapho
778 1677 801 1711 9
824 1677 968 1712 auctor
989 1674 1041 1712 de
1061 1673 1169 1723 gallo
1191 1673 1434 1723 Aesculapio
1456 1673 1533 1711 deo
1554 1671 1706 1711 sacrifi-

295 1736 428 1774 cando
454 1737 555 1775 haec
583 1737 711 1775 tradit
738 1737 866 1775 verba
895 1737 1092 1776 Socratis:
1136 1738 1186 1784 ὡς
1215 1738 1257 1776 δὲ
1287 1739 1390 1776 ἔπιεν
1417 1739 1458 1776 τὸ
1487 1740 1706 1789 φάρμακον,

296 1800 524 1841 ἐπέστελλεν
553 1802 643 1853 ἡμῖν
671 1807 723 1853 τῷ
752 1801 988 1853 Ἀσκληπιῷ
1018 1802 1139 1840 θῦσαι
1169 1801 1604 1852 ἀλεκτρύονωόιρείλειν
1633 1804 1708 1852 γὰρ

297 1867 399 1916 αὐτῷ
435 1865 521 1904 κατ’
557 1866 675 1918 εὐχήν
712 1880 807 1910 τινα,
844 1867 958 1905 ὁπότε
994 1866 1158 1917 ἠσθένει
1194 1866 1424 1918 ἀφικόμενος
1460 1867 1536 1905 ἀπὸ
1573 1872 1640 1916 τῆς
1669 1867 1708 1904 ἐν

296 1929 424 1980 Δηλίῳ
454 1931 594 1981 μάχης.
659 1930 774 1979 Quae
808 1930 937 1968 verba
971 1929 1181 1967 declarare
1213 1929 1329 1968 illum
1358 1929 1543 1967 Platonis
1581 1929 1708 1967 Phae-

296 1992 415 2031 donis
434 2004 518 2031 non
554 1992 742 2042 ignotum
771 1992 906 2032 locum
936 2005 974 2043 p.
1010 1995 1084 2030 118
1111 1992 1148 2031 Α
1176 1992 1296 2031 facile
1323 1992 1589 2043 intellegitur,
1626 2004 1709 2044 quo

295 2056 485 2106 legimus:
519 2045 574 2095 ’Ὠ
602 2057 766 2108 Κρίτων,
797 2060 870 2109 ἔφη
901 2056 1140 2105 (Socrates),
1169 2059 1221 2108 τῷ
1243 2057 1480 2110 Ἀσκληπιῷ
1509 2059 1708 2110 ὀφείλομεν

296 2121 662 2172 eampum-am
697 2122 862 2162 ἀπόδοτε
900 2124 968 2161 καὶ
1004 2123 1057 2174 μὴ
1095 2121 1324 2174 ἀμελήσετε.
1371 2121 1475 2161 Cum
1504 2122 1625 2161 Plato
1661 2126 1708 2160 ut

295 2185 460 2224 efferret
489 2186 618 2224 verba
645 2186 947 2231 antecedentia,
985 2197 1057 2224 cur
1088 2186 1278 2224 Socrates
1305 2186 1552 2236 Aesculapio
1586 2186 1710 2224 sacri-

295 2248 476 2294 ficasset,
513 2250 744 2289 accuratius
779 2262 861 2289 non
896 2249 1177 2300 explicaverit,
1211 2249 1430 2300 scriptores
1464 2250 1709 2300 posteriores

425 2333 459 2376 1)
482 2317 684 2372 cf.'Hirzel,
710 2334 838 2377 Dia10g
861 2336 889 2373 1,
915 2346 948 2378 p.
968 2335 1090 2378 193sq.

424 2387 459 2428 2)
482 2387 538 2420 Ad
568 2387 747 2421 Critonem
778 2391 940 2431 spectant
975 2388 1084 2422 verba
1119 2390 1343 2431 ἐπιλαβόμενος
1371 2390 1408 2422 ἂν
1439 2389 1595 2431 Κρίτωνα,
1629 2399 1710 2422 cum

299 2441 407 2473 verba
444 2451 533 2483 quae
566 2444 764 2483 sequuntur
796 2441 841 2473 ad
866 2442 1037 2475 Cebetem
1071 2445 1109 2475 et
1140 2442 1320 2474 Simmiam
1357 2442 1451 2475 facta
1484 2442 1529 2475 ad
1552 2442 1709 2474 Platonis

300 2493 525 2528 Phaedonem
549 2494 661 2529 redire
685 2498 846 2539 apertum
869 2496 926 2530 sit.

424 2549 459 2590 3)
481 2548 549 2581 Pro
574 2549 631 2582 his
654 2549 771 2582 verbis
792 2549 828 2582 J.
856 2549 955 2593 Oasp.
982 2549 1133 2582 Orellius
1161 2549 1374 2591 (Memnonis
1395 2550 1615 2584 historiarum
1641 2550 1707 2583 He-

295 2602 432 2636 racleae
454 2601 559 2636 Ponti
582 2606 758 2647 excerpta,
782 2602 877 2648 Lips.
898 2603 991 2644 1816,
1017 2613 1051 2647 p.
1067 2603 1146 2645 328)
1168 2603 1287 2647 legere
1312 2603 1407 2638 vult:
1434 2608 1506 2644 .,νῦν
1529 2605 1591 2648 γὰρ
1614 2604 1707 2636 badia

294 2656 343 2688 καὶ
365 2656 516 2696 Ὀλύμπια
539 2657 597 2688 vel
613 2657 719 2689 etiam
736 2657 910 2691 vocabulo
932 2657 1071 2690 auctius
1096 2658 1150 2690 νῦν
1164 2660 1226 2700 γὰρ
1242 2659 1338 2690 'Balsa
1354 2658 1467 2701 ἄγεται
1482 2660 1532 2690 καὶ
1548 2658 1705 2696 Ὀλύμπια,

295 2710 338 2740 ut
360 2711 569 2749 personatus
591 2709 650 2742 ille
673 2709 876 2753 Xenophon
902 2720 955 2753 ep.
968 2710 1025 2744 18:
1053 2711 1167 2745 θαλίας
1189 2711 1350 2755 ἅγωμεν.“
