2138 3299
304 475 433 516 Simul
467 479 610 516 autem
641 486 727 514 non
757 474 917 526 negabo
950 474 1180 526 complures
1212 473 1334 513 huius
1368 473 1479 514 modi
1513 473 1713 526 epistulas

303 540 485 593 antiquis
512 539 768 591 temporibus
796 538 1046 590 compositas
1074 538 1212 578 fuisse.

432 605 492 644 Ut
507 602 691 643 Platonis
704 606 748 642 et
764 602 980 654 Speusippi
994 603 1196 654 epistulae
1208 603 1389 648 fuerunt,
1405 602 1713 654 itaDionysium

301 669 344 708 II
369 669 587 709 nonnullas
619 666 906 718 conscripsisse
929 679 954 706 a
978 679 1075 707 vero
1099 680 1184 706 non
1207 667 1419 713 abhorret;
1453 671 1580 719 atque
1603 667 1713 707 bono

299 732 387 771 iure
407 732 590 783 accipere
609 731 731 770 liceat
751 730 954 782 epistulae
975 734 1025 770 36
1045 735 1257 770 auctorem
1276 730 1358 776 illa,
1380 743 1488 781 quae
1508 732 1561 770 ad
1585 731 1712 782 Speu-

299 795 466 847 sippum
483 799 689 847 spectant,
708 807 761 834 ex
779 794 957 845 epistula
974 794 1157 846 quadam
1174 793 1281 833 illius
1299 794 1496 840 hausisse,
1516 799 1565 833 ut
1582 794 1711 845 philo-

298 861 431 910 sopho
457 860 535 898 hoc
565 859 684 897 illuso
710 858 755 897 in
779 859 963 898 scholam
989 857 1279 897 Academicum
1305 857 1579 896 inveheretur.

433 922 667 975 Epistulam
689 925 738 963 35
757 921 858 962 item
878 934 1020 963 veram
1040 934 1126 962 non
1144 934 1231 961 esse
1251 921 1407 974 opinor.
1449 922 1585 962 Verba
1605 934 1713 974 quae

299 987 418 1026 initio
438 988 630 1039 leguntur
649 999 837 1038 quaeque
857 991 1002 1038 postea
1021 987 1183 1027 adiecta
1201 999 1289 1025 esse
1309 986 1515 1033 videntur,
1536 987 1711 1039 loquun-

298 1055 366 1090 tur
381 1052 432 1092 de
445 1051 606 1091 duabus
619 1050 818 1102 epistulis
829 1063 1006 1102 quarum
1019 1052 1149 1090 altera
1162 1057 1236 1090 τῶν
1248 1050 1334 1090 κατ’
1351 1053 1456 1090 οἶκον
1467 1052 1710 1103 εἰθισμένων,

298 1116 427 1155 altera
456 1116 602 1168 μᾶλλόν
630 1129 665 1155 τι
694 1116 956 1168 σεμνυνομὲνη
995 1115 1157 1156 dicitur.
1190 1116 1327 1155 Ritter
1365 1116 1463 1165 (vid.
1494 1128 1587 1167 pag.
1619 1119 1712 1165 392)

301 1180 408 1218 lianc
430 1193 518 1218 esse
540 1185 735 1231 quartam
759 1180 921 1219 Platoni
946 1180 1050 1218 falso
1073 1179 1355 1220 adiudicatam
1376 1179 1598 1230 epistulam
1620 1191 1712 1218 cen·

299 1242 396 1289 suit,
419 1255 514 1282 cum
535 1242 605 1281 illa
625 1246 732 1281 esset
753 1242 931 1294 epistula
957 1242 1179 1282 Socratica.
1208 1243 1315 1282 ·Hoc
1336 1242 1427 1281 fieri
1448 1255 1533 1281 non
1553 1246 1710 1294 potaet:

305 1307 412 1358 Quia
428 1307 630 1358 epistulae
647 1307 783 1347 varios
799 1306 1017 1346 continent
1034 1308 1144 1347 locos
1161 1306 1325 1353 similes,
1344 1320 1429 1346 non
1445 1307 1711 1358 cogitandum

298 1375 362 1410 est
380 1370 578 1423 epistulas
595 1372 671 1410 has
690 1384 715 1410 a
732 1383 830 1411 vero
851 1371 1080 1423 Speusippo
1098 1371 1350 1423 conscriptas
1368 1383 1467 1410 esse.
1505 1372 1572 1411 An
1589 1375 1710 1423 putet

299 1435 521 1487 quisquam
547 1435 749 1486 epistulae
776 1439 801 1473 4
829 1448 854 1474 a
885 1435 1115 1486 Speusippo
1143 1435 1324 1475 traditae
1352 1439 1479 1486 atque
1507 1437 1560 1476 ad
1589 1448 1709 1474 usum

297 1512 420 1539 suum
441 1512 663 1540 conversae
684 1500 737 1540 ab
758 1499 959 1552 epistulae
983 1499 1217 1539 Socraticae
1238 1503 1406 1539 auctore
1427 1499 1554 1540 verba
1575 1499 1709 1551 prima

297 1565 442 1605 addita
468 1566 581 1604 esse?
615 1587 668 1593 -
712 1565 879 1603 Pri-ieter
906 1565 1012 1603 hanc
1039 1564 1263 1615 epistulam
1289 1564 1369 1603 alia
1395 1576 1573 1615 quoque,
1601 1576 1709 1615 quae

298 1627 508 1679 pertinent
534 1628 587 1668 ad
613 1627 836 1679 epistulam
862 1631 924 1673 35,
951 1640 1047 1666 cum
1072 1631 1444 1666 commemorentur
1471 1628 1582 1678 apud
1609 1627 1708 1666 alios

298 1695 498 1738 auctores,
527 1695 747 1742 utramque
773 1691 1007 1742 epistulam,
1035 1704 1164 1742 quam
1191 1695 1334 1730 auctor
1361 1691 1428 1730 hie
1454 1691 1583 1730 etiam
1609 1695 1710 1730 tune

297 1754 505 1806 cognovit,
525 1768 609 1793 non
627 1758 837 1794 servatam
854 1767 941 1794 esse
961 1754 1148 1795 arbit-ror.
1171 1755 1350 1794 Omnino
1369 1758 1520 1793 notatu
1537 1754 1710 1806 dignum

297 1823 362 1858 est
386 1832 470 1858 non
489 1832 634 1870 pauca,
659 1831 767 1870 quae
790 1818 976 1870 epistulis
996 1819 1059 1858 his
1083 1823 1317 1865 narrantur,
1342 1819 1429 1859 sive
1453 1820 1504 1860 de
1527 1819 1709 1870 personis

296 1882 547 1934 quibusdam
578 1882 666 1921 sive
697 1883 749 1923 de
779 1883 916 1928 rebus,
949 1883 1115 1934 reperiri
1147 1883 1191 1922 in
1222 1883 1408 1934 epistulis
1437 1883 1707 1932 Platonicisl).

263 1986 265 1988 .
304 1945 402 1997 Jam
425 1945 733 1997 explicavimus,
767 1958 874 1997 quae
904 1950 1041 1985 exstet
1072 1946 1301 1987 similitudo
1331 1947 1439 1986 inter
1468 1959 1532 1997 ep.
1551 1951 1575 1985 4
1601 1948 1706 1986 Plat.

298 2014 341 2050 et
371 2022 434 2062 ep.
470 2012 519 2049 35
552 2008 818 2056 Socraticam,
858 2013 906 2049 ut
937 2013 1158 2062 utramque
1194 2010 1415 2062 epistulam
1447 2011 1501 2051 ad
1531 2011 1708 2051 eundem

423 2127 457 2169 1)
480 2127 525 2160 ef.
551 2127 658 2159 etiam
681 2118 758 2170 epp.
777 2127 818 2159 32
841 2127 882 2159 33
907 2127 950 2159 34
972 2127 1179 2165 Socraticas,
1203 2138 1361 2170 quosque
1385 2128 1483 2160 locos
1506 2128 1708 2160 consimiles

295 2181 492 2223 composuit
521 2180 615 2213 Rud.
648 2181 814 2218 Her-cher,
847 2181 997 2214 Hermae
1027 2184 1054 2215 t.
1078 2181 1129 2215 IV
1159 2182 1273 2224 (1870)
1297 2193 1330 2224 p.
1355 2182 1418 2214 427
1432 2192 1494 2224 sq„
1527 2185 1708 2224 praeterea

294 2234 339 2266 ad
364 2244 418 2277 ep.
443 2235 484 2266 35
511 2235 618 2266 verba
643 2236 804 2268 ἐπίστελλε
828 2237 865 2267 δὲ
886 2236 936 2268 καὶ
961 2235 994 2267 εἴ
1013 2247 1074 2268 που
1098 2237 1149 2268 δεῖ
1170 2237 1385 2276 ἐπιμελεῖσθαι
1410 2261 1416 2268 .
1444 2259 1451 2266 .
1477 2259 1485 2267 .
1510 2237 1551 2268 τὰ
1574 2238 1611 2268 δὲ
1633 2236 1706 2278 παρ’

294 2290 368 2331 ἡμῖν
383 2288 448 2329 ἔχει
465 2289 689 2332 παραπλησίως
703 2290 810 2332 ὥσπερ
824 2290 874 2322 καὶ
890 2290 977 2330 ὑμῶν
991 2290 1224 2333 ἐπιδημούντων
1238 2290 1344 2322 verba
1362 2289 1521 2322 Platonis
1537 2301 1570 2332 p.
1587 2289 1648 2322 321
1659 2291 1705 2322 A:

294 2342 346 2374 νῦν
368 2342 424 2373 οὖν
445 2343 541 2374 αὐτοί
566 2354 601 2374 τε
623 2343 821 2384 ἀγωνίζεσθε
848 2343 898 2374 καὶ
922 2345 995 2385 ἡμῖν
1025 2343 1056 2375 εἲ
1077 2355 1135 2375 του
1158 2345 1211 2375 δεῖ
1236 2344 1440 2375 ἐπιστέλλετε.
1471 2344 1512 2375 τὰ
1539 2344 1567 2375 δ’
1592 2345 1709 2376 ἐνθάδε

294 2395 517 2438 παραπλησίως
541 2395 607 2436 ἔχει
628 2397 773 2438 καθάπερ
796 2396 846 2429 καὶ
870 2397 956 2436 ὑμῶν
977 2397 1142 2439 παρόντων
1165 2399 1202 2429 et
1223 2396 1339 2429 32113:
1365 2397 1506 2437 ἐνθυμοῦ
1528 2398 1565 2430 δὲ
1586 2397 1636 2430 καὶ
1658 2399 1708 2431 ὅτι

293 2450 396 2481 δοκεῖς
415 2449 493 2481 τισὶν
508 2450 721 2491 ἐνδεεστέρως
733 2449 792 2481 τοῦ
807 2452 1020 2492 προσήκοντος
1038 2452 1264 2492 θεραπευτικὸς
1277 2451 1365 2483 εἶναι.
1378 2452 1424 2493 μὴ
1445 2451 1501 2483 οὖν
1523 2451 1707 2483 λανθανέτω

293 2513 339 2540 σε,
363 2503 413 2534 ὅτι
434 2502 486 2534 διὰ
508 2504 567 2534 τοῦ
589 2503 731 2544 ἀρέσκειν
752 2505 821 2536 τοῖς
842 2495 1024 2546 ἀνθρωποις
1042 2503 1092 2535 καὶ
1115 2504 1152 2535 τὸ
1177 2505 1323 2538 πράττειν
1345 2505 1439 2542 ἐστίν,
1462 2506 1483 2547 ἡ
1507 2504 1535 2537 δ’
1551 2505 1707 2536 αὐθάδεια

294 2557 407 2598 ἐρημίᾳ
430 2556 579 2593 ξύνοικος.
606 2555 651 2589 ef.
669 2556 777 2589 etiam
794 2556 917 2590 320D:
942 2559 979 2590 τὸ
1001 2559 1038 2590 δὲ
1064 2558 1116 2590 νῦν
1139 2558 1280 2600 ὕπαρχον
1302 2559 1370 2601 περὶ
1393 2560 1431 2591 σὲ
1445 2559 1589 2591 τοιοῦτόν
1611 2560 1705 2593 ἐστιν.

293 2608 378 2641 ὥστε
402 2609 477 2642 τοὺς
497 2609 537 2646 ἐξ
557 2611 685 2653 ἁπάσης
703 2615 762 2654 τῆς
781 2612 973 2654 οἰκουμένης,
996 2612 1026 2643 εἰ
1048 2611 1098 2643 καὶ
1115 2612 1335 2654 νεανικώτερόν
1359 2613 1442 2644 ἐστιν
1463 2613 1568 2650 εἰπεῖν,
1590 2611 1637 2643 εἷς
1649 2611 1705 2642 ἕνα

292 2662 388 2695 τόπον
411 2663 607 2703 ἀποβλέπειν,
632 2664 681 2696 καὶ
705 2665 738 2696 ἐν
761 2665 866 2707 τούτῳ,
887 2665 1024 2705 μάλιστα
1047 2665 1125 2708 πρὸς
1147 2667 1193 2698 σέ-
