2138 3299
877 308 1134 349 -75-

430 441 638 479 Nonnulla
657 440 784 479 verba
802 439 903 479 mihi
921 439 1043 478 liccat
1061 439 1195 477 facere
1214 439 1265 479 de
1282 438 1373 485 illis,
1394 451 1501 489 quae
1519 439 1711 488 leguntur

297 503 341 542 in
355 505 613 555 paragrapho
629 507 797 554 quarta:
829 506 987 555 ὕστερον
1010 505 1052 543 δὲ
1083 503 1368 551 στασιαζόντων
1397 509 1471 542 τῶν
1501 503 1710 554 βαρβάρων

299 570 350 611 εἰς
377 570 418 607 τὸ
454 568 639 620 ἡμέτερον
677 569 875 619 (ὑμέτερον
889 569 923 616 Ρ)
968 568 1196 619 Ἡράκλειον
1235 569 1477 619 ἀπήντησαν.
1536 567 1710 607 Orellius

300 633 340 682 (l.
359 646 392 672 c.
415 645 452 684 p.
473 635 565 682 264)
588 631 803 683 proposuit
821 632 1039 684 legendum
1066 633 1118 679 εἰς
1145 634 1214 683 τὴν
1233 632 1428 684 ἡμετέραν
1463 631 1709 683 Ἡρακλείαν,

297 697 322 736 i.
354 710 388 736 e.
421 697 464 735 in
502 697 646 736 urbem
682 696 796 735 ill-am
827 696 1048 737 Pthiotidis
1087 709 1214 748 prope
1251 696 1387 735 sinum
1419 696 1638 735 Maliacum
1667 701 1708 734 et

298 761 594 812 Thermopylas
626 760 798 810 sitaml).
864 762 1002 812 Atque
1033 760 1067 799 si
1099 760 1270 812 legimus
1303 762 1415 811 apud
1449 760 1711 801 Herodotum

300 826 396 874 (VII
413 828 457 864 17
463 828 502 874 2)
522 826 697 865 Graecos
714 838 844 876 usque
860 826 913 865 ad
930 825 1084 864 Halum
1100 826 1244 865 urbem
1260 824 1436 865 navibus
1450 829 1594 863 vectos
1608 837 1708 870 essc,

298 891 407 930 unde
423 889 595 941 pedibus
612 902 682 941 per
699 890 987 929 Thessalorum
1002 888 1106 928 fines
1121 889 1378 941 migrassent,
1396 901 1487 929 mea
1502 888 1709 928 sententia

297 967 379 992 non
401 954 513 994 aliud
535 954 781 994 Heracleum
808 954 1059 1006 intellegitur
1081 958 1208 1006 atque
1237 954 1351 999 illud,
1381 955 1492 1005 quod
1513 953 1709 992 extremis

298 1018 454 1058 Pieriae
475 1022 610 1057 terrae
632 1022 760 1071 atque
781 1019 1070 1058 Thessalorum
1091 1018 1245 1058 finibus
1268 1018 1396 1057 situm
1417 1030 1505 1057 esse
1524 1017 1708 1057 referunt

300 1083 484 1133 Scylax2)
501 1086 543 1121 et
561 1082 769 1132 Plinius³);
788 1084 841 1123 ad
856 1084 934 1122 hoc
951 1095 1117 1134 quoque
1132 1083 1324 1134 quadrat,
1343 1083 1455 1134 quod
1471 1083 1709 1122 Herodotus

296 1151 437 1185 narrat
456 1147 632 1186 Graecos
648 1159 777 1198 usque
792 1148 845 1188 ad
859 1150 1066 1186 extremos
1081 1147 1370 1186 Thffisalorum
1384 1145 1488 1185 fines
1503 1145 1709 1197 profectos

296 1223 395 1256 esse,
414 1211 485 1250 ubi
503 1211 556 1251 ad
573 1223 654 1256 eos,
674 1211 744 1262 qui
762 1224 857 1250 cum
873 1211 1077 1250 Thessalis
1094 1223 1136 1249 se
1153 1211 1466 1256 coniunxerant,
1485 1209 1709 1249 Alexandri

297 1275 511 1315 consilium
529 1275 730 1327 pervenit.
750 1299 803 1304 -
820 1275 957 1315 Verba
974 1288 1082 1327 quae
1098 1279 1327 1327 sequuntur
1345 1275 1397 1315 de
1415 1273 1709 1325 Olynthiorum

297 1340 493 1381 adversus
520 1340 758 1392 Philippum
781 1339 1150 1386 criminationibus,
1177 1340 1247 1379 ubi
1273 1343 1484 1379 auctorem
1507 1338 1709 1390 epistulae

296 1404 481 1442 ordinem
507 1408 743 1454 temporum
770 1417 853 1443 non
879 1416 1063 1443 servasse
1091 1405 1174 1442 iarn
1193 1405 1330 1443 Obens
1360 1407 1415 1454 (p.
1437 1406 1575 1454 33sq.)
1603 1403 1707 1441 iudi-

296 1468 419 1514 cavit,
448 1468 663 1510 ostendere
689 1468 886 1508 videntur
910 1468 1065 1507 rhetori
1091 1472 1239 1508 notum
1264 1467 1389 1506 fuisse
1414 1480 1462 1506 eo
1489 1480 1597 1507 anno
1624 1480 1707 1519 quo

297 1532 510 1583 Philippus
549 1529 693 1570 contra
731 1532 943 1572 universas
984 1533 1161 1572 Graecas
1199 1532 1390 1571 civitates
1428 1536 1470 1570 et
1508 1532 1707 1571 barbaros

297 1600 432 1633 castra
458 1595 618 1641 habuit,
648 1595 856 1646 Olynthiis
884 1596 1038 1634 bellum
1065 1608 1149 1634 non
1175 1596 1338 1634 illatum
1364 1608 1463 1633 esse.
1520 1595 1706 1640 Accedit,

296 1660 407 1711 quod
431 1659 786 1712 epistolographus
810 1661 910 1699 haec
934 1660 1062 1700 verba
1086 1660 1262 1698 afferens
1286 1659 1343 1698 nil
1368 1659 1480 1699 aliud
1503 1658 1547 1697 in
1570 1658 1708 1698 animo

295 1723 487 1763 habuerit
522 1723 599 1762 nisi
634 1728 682 1762 ut
716 1723 940 1762 illustraret
975 1723 1281 1763 criminationes
1317 1723 1624 1774 Olynthiorum‚
1661 1727 1708 1761 ut

295 1788 463 1827 omnino
491 1788 676 1828 omnium
701 1788 921 1829 civitatum
949 1788 1199 1828 Graecarum
1222 1788 1464 1829 refellendas
1488 1800 1587 1834 esse,
1614 1800 1709 1826 cum

291 1852 509 1903 'Philippus
528 1852 686 1904 optimo
706 1853 792 1892 iure
810 1853 973 1892 illorum
992 1853 1095 1892 fines
1115 1866 1316 1904 occupare
1335 1858 1472 1905 posset
1494 1853 1560 1901 (cf.
1582 1853 1709 1892 verba

295 1919 381 1968 περὶ
410 1919 476 1969 μὲν
504 1919 579 1968 γὰρ
608 1923 675 1968 τῆς
696 1918 896 1969 γινομένης
912 1917 1129 1964 Ὀλυνθίας
1150 1919 1294 1970 χώρας,
1325 1920 1375 1964 ὥς
1397 1920 1477 1958 ἐστι
1505 1920 1546 1957 τὸ
1568 1918 1708 1957 παλαι-

295 1984 337 2021 ὸν
372 1981 646 2032 Ἡρακλειδῶν,
681 1982 767 2021 ἀλλ’
796 1984 838 2021 οὐ
866 1982 1125 2031 Χαλκιδέων).
1155 2005 1208 2011 --
1234 1983 1386 2022 Totam
1414 1983 1707 2033 Olynthiorum

293 2058 381 2084 rem
407 2045 812 2097 Pseudospeusippus
841 2045 1064 2092 arcessivit,
1098 2050 1145 2084 ut
1172 2058 1236 2084 res
1268 2046 1477 2085 fabulosas
1509 2059 1617 2098 quae
1646 2059 1707 2084 sc-

295 2114 480 2161 quuntur
498 2110 766 2161 pronuntiare
783 2110 968 2161 posset.⁴).
1011 2110 1168 2163 Quibus
1186 2110 1230 2148 in
1245 2110 1481 2156 referendis,
1501 2123 1605 2162 quas
1623 2124 1707 2150 non

295 2187 436 2214 omnes
451 2174 596 2213 testari
614 2187 844 2226 possumus,
863 2178 1073 2214 auctorem
1089 2175 1289 2226 epistulae
1306 2174 1549 2226 compendio
1566 2174 1705 2226 aliquo

295 2239 572 2290 mythologico
597 2252 718 2278 usum
740 2252 827 2278 esse
849 2241 915 2279 vel
938 2239 1149 2291 Antipatri
1171 2239 1294 2279 libros
1318 2239 1542 2290 inspexisse
1565 2238 1704 2278 verisi-

296 2303 390 2343 mile
416 2302 593 2349 videtur,
621 2303 771 2355 quibus
798 2304 1161 2345 demonstrabatur
1187 2317 1271 2344 non
1296 2304 1419 2344 modo
1445 2303 1706 2344 Chalcidicen

424 2422 462 2464 1)
484 2421 555 2455 vid.
581 2422 688 2455 etiam
713 2421 751 2454 O.
779 2422 818 2455 G.
843 2422 1065 2462 Boehnecke,
1091 2423 1113 2456 l.
1140 2434 1169 2456 c.
1194 2434 1226 2466 p.
1252 2423 1324 2462 467,
1352 2422 1429 2456 adn.
1447 2423 1477 2455 2.

423 2478 457 2517 2)
480 2476 573 2518 apud
597 2477 738 2509 Livium
764 2477 891 2509 XLIV.
905 2478 936 2510 8.

424 2530 459 2571 3)
482 2532 598 2563 natur.
622 2530 744 2563 histor.
769 2530 831 2563 IV.
847 2530 898 2564 10.

421 2585 456 2625 4)
480 2585 546 2617 Pro
570 2586 694 2628 Δικαίῳ,
717 2589 763 2627 τῷ
779 2584 909 2629 Νηλέως
930 2586 1060 2629 ἀδελφῷ
1082 2585 1274 2628 legendum
1298 2588 1351 2618 est
1376 2587 1488 2629 Δικαίῳ
1512 2589 1558 2629 τῷ
1583 2585 1709 2620 Σύλεως

294 2639 355 2676 ἀὸ.,
379 2637 422 2670 cf.
449 2637 581 2670 Conon.
608 2641 735 2670 narrat.
764 2639 815 2671 17.
