2138 3299
962 320 1228 363 -98-

527 450 578 489 In
603 449 783 501 epistula
809 453 832 489 2
860 451 1077 490 Platonica
1104 451 1155 492 tle
1175 450 1417 490 Philistione
1444 450 1580 500 haecl)
1607 450 1803 502 legimus:

392 514 628 555 Φιλιστίωνα
665 516 720 563 δὲ,
757 516 790 555 εἰ
827 518 895 568 μὲν
931 517 1044 563 αὐτὸς
1070 521 1162 568 χρῇ,
1198 515 1349 567 σφόδρα
1377 521 1474 568 χρῶ,
1508 516 1541 556 εἰ
1576 516 1619 555 δὲ
1647 516 1724 556 οἶόν
1753 531 1805 564 τε,

393 578 631 631 Σπευσίππῳ
659 586 810 632 χρῆσον
839 582 907 619 καὶ
935 580 1164 632 ἀπόπεμψον
1181 594 1188 602 ’
1207 582 1326 620 δεῖται
1354 581 1397 619 δὲ
1427 587 1495 620 σοῦ
1523 582 1591 619 καὶ
1612 580 1805 619 Σπεύσιπ-

390 644 692 696 πος·ὑπὲσχετο
722 645 765 684 δέ
795 658 856 697 μοι
883 646 951 683 καὶ
979 644 1198 693 Φιλιστίων,
1236 646 1269 684 εἰ
1298 647 1345 684 σὺ
1374 645 1510 696 ἀφείης
1538 646 1664 692 αὐτὸν,
1701 644 1804 696 ἥξειν

389 709 603 760 προθύμως
633 708 885 760 Ἀθήναζε2),
918 721 1014 749 cum
1041 709 1221 761 epistula
1241 712 1291 748 35
1321 709 1432 748 Socr.
1464 710 1644 750 dicatur:
1673 709 1737 748 τόν
1766 723 1804 748 τε

388 774 464 823 γὰρ
494 771 729 811 Φιλιστίωνα
766 773 1017 826 ἀποπέμψετε
1053 776 1121 813 καὶ
1150 774 1266 813 ἄλλον
1302 775 1429 813 ὅντινα
1466 773 1606 824 τρόπον
1644 773 1804 813 δύνατόν

390 838 471 875 ἐστι
499 838 569 887 τὴν
599 837 759 888 δύναμίν
791 851 861 889 μου
892 837 1092 889 αὐξήσετε.
1132 838 1279 883 Ritter,
1313 842 1360 876 ut
1390 842 1515 876 antea
1543 838 1626 877 iam
1655 838 1803 875 Passo-

387 899 482 939 vius
503 900 670 949 (Hdwb.
693 902 732 940 d.
755 901 904 951 griech.
931 902 1039 952 Spr.)
1060 905 1245 941 verterat
1267 901 1366 948 „lass
1386 901 1514 948 ihm“,
1539 900 1720 942 ostendit
1745 902 1800 952 (p.

391 966 484 1013 371)
507 963 711 1014 epistulae
735 964 975 1003 Platonicae
995 965 1125 1005 verba
1148 978 1172 1003 a
1194 965 1399 1016 prioribus
1421 969 1548 1016 atque
1570 968 1617 1003 ut
1636 964 1803 1004 videtur

386 1027 515 1069 etiam
537 1040 563 1067 a
577 1027 836 1070 Wellmanno
857 1028 961 1069 falso
981 1029 1192 1070 declarata
1210 1042 1306 1076 esse,
1334 1033 1381 1069 ut
1404 1028 1658 1081 Speusippus
1679 1028 1802 1081 Syra-

387 1093 494 1132 cusis
514 1098 707 1133 versatus
729 1098 836 1133 esset
859 1107 907 1133 eo
929 1098 1126 1146 tempore,
1154 1108 1238 1146 quo
1261 1095 1436 1134 Athenis
1458 1094 1550 1133 fuit.
1598 1094 1722 1134 Cuius
1743 1094 1801 1132 rei

384 1157 506 1197 testis
525 1161 588 1197 est
607 1158 787 1210 epistula
809 1158 1030 1205 Socratica,
1057 1172 1165 1211 quae
1184 1159 1476 1211 philosophum
1495 1159 1654 1201 inducit
1675 1159 1801 1198 Athe-

385 1222 448 1260 nis
476 1222 638 1261 litteras
662 1223 834 1263 dantem
859 1222 1096 1274 Syracusas.
1145 1223 1211 1262 Ex
1234 1226 1412 1274 utraque
1434 1223 1613 1273 epistula
1636 1235 1801 1273 quoque

383 1286 583 1337 suspicari
620 1298 840 1337 possumus
870 1286 1157 1327 Philistionem
1187 1286 1374 1337 Dionysii
1412 1287 1628 1327 custodem
1655 1286 1801 1325 salutis

384 1349 510 1389 fuisse
522 1354 564 1388 et
579 1362 775 1401 magnam
787 1354 952 1401 partem
964 1350 1080 1390 vitae
1091 1350 1135 1389 in
1151 1350 1504 1402 Syracusanorum
1516 1350 1617 1389 urbe
1629 1350 1800 1401 degisse.

516 1414 868 1454 Verisimillimum
882 1418 955 1460 est,
976 1418 1024 1453 ut
1039 1414 1140 1454 mihi
1151 1414 1329 1460 videtur,
1349 1418 1574 1465 utrumque
1589 1417 1800 1453 auctorem

383 1490 435 1516 ex
455 1479 602 1519 eodem
622 1478 740 1517 fonte
760 1479 963 1524 hausisse;
995 1491 1093 1519 nam
1114 1482 1292 1530 utraque
1320 1478 1500 1529 epistula
1523 1478 1800 1529 Speusippum

384 1542 445 1579 uti
467 1542 627 1582 medico
657 1542 908 1588 declaratum
940 1543 1012 1583 sed
1041 1554 1136 1581 cum
1167 1546 1311 1580 auctor
1338 1542 1542 1593 epistulae
1565 1542 1799 1580 Socraticae

385 1605 640 1658 Speusippus
654 1605 779 1645 fictus
791 1606 855 1652 sit,
873 1606 944 1658 qui
956 1605 1134 1647 Dionem
1146 1610 1193 1645 ut
1207 1605 1352 1645 mittat
1364 1605 1651 1646 Philistionem
1664 1610 1797 1656 rogat,

381 1670 425 1708 in
445 1670 624 1721 epistula
647 1673 670 1707 2
708 1671 924 1709 Platonica
945 1671 1067 1709 Plato
1090 1670 1337 1721 Dionysium
1365 1670 1476 1709 idern
1504 1673 1595 1708 orat
1618 1669 1798 1708 adiciens

379 1734 527 1773 verba:
567 1735 688 1773 δεῖται
717 1735 759 1774 δέ
797 1749 865 1774 σου
901 1736 969 1774 καὶ
997 1733 1256 1781 Σπεύσιππος,
1292 1733 1403 1772 unde
1438 1733 1597 1772 elucere
1630 1733 1797 1772 videtur

379 1810 476 1836 eum
496 1798 720 1848 epistulam
742 1799 915 1844 novisse,
949 1811 1034 1849 qua
1058 1799 1313 1849 Speusippus
1341 1798 1441 1836 haec
1462 1798 1592 1838 verba
1619 1797 1791 1843 fecisset,

380 1865 428 1900 ut
449 1861 519 1900 illa
537 1862 835 1902 tantummodo
855 1874 956 1902 vera
983 1862 1163 1913 epistula
1184 1862 1237 1900 ad
1256 1862 1385 1902 verba
1407 1863 1528 1901 δεῖται
1556 1893 1563 1900 .
1582 1892 1590 1900 .
1608 1892 1616 1900 .
1646 1862 1796 1902 adduci

378 1925 610 1975 pot-uerit4).
655 1926 790 1965 Immo
817 1939 917 1965 vero
947 1926 1087 1964 audax
1107 1930 1181 1971 est,
1215 1938 1310 1965 cum
1337 1926 1516 1976 epistula
1538 1928 1561 1962 2
1583 1925 1797 1963 Platonica

378 1989 480 2027 item
510 2002 595 2028 non
623 2001 724 2028 vera
753 1989 1033 2029 existimanda
1063 1990 1128 2035 sit,
1164 1989 1342 2028 alterum
1371 2001 1424 2028 ex
1454 1989 1584 2028 altero
1613 1988 1796 2028 hausisse

377 2057 575 2092 statuere.

514 2116 594 2155 Sed
612 2120 710 2155 utut
734 2129 799 2156 res
816 2129 860 2156 se
888 2117 1025 2163 habet,
1060 2129 1112 2156 ex
1128 2117 1307 2169 epistula
1325 2116 1536 2156 Socratica
1553 2116 1795 2156 concludere

376 2181 471 2219 licet
511 2181 790 2232 Speusippum
826 2194 992 2233 quoque
1028 2182 1282 2220 Philistionis
1316 2181 1500 2221 amicitia
1536 2193 1657 2222 usum
1692 2194 1789 2227 esse,

376 2245 448 2296 qui
464 2245 639 2284 Athenis
657 2246 904 2286 versabatur
924 2246 967 2284 in
980 2246 1216 2292 Academia,
1239 2246 1351 2297 quod
1367 2246 1451 2286 iam
1464 2245 1643 2296 epistula
1655 2245 1794 2284 Plato-

503 2320 540 2415 ἐξ
561 2331 597 2406 ἒ
617 2320 738 2407 ῗιοῒὶξέι
767 2375 925 2415 ὑπέσχετο
956 2376 993 2407 δέ
1019 2387 1074 2415 μοι
1102 2375 1152 2407 καὶ
1182 2373 1219 2406 Φ.
1253 2374 1371 2407 elucet
1401 2373 1577 2407 medicum
1608 2374 1680 2406 iam
1710 2376 1793 2406 ante

374 2426 595 2460 familiariter
616 2427 750 2460 vixisse
775 2437 857 2460 cum
880 2427 1041 2461 Platone.

502 2480 539 2522 3)
562 2479 760 2523 Epistulam
773 2481 815 2513 35
827 2480 872 2513 ad
884 2481 1038 2514 Dionem
1052 2481 1171 2513 datam
1184 2491 1262 2514 esse
1274 2480 1536 2513 affirmantibus
1550 2480 1792 2513 Philistionem

372 2534 480 2566 etiam
503 2533 677 2576 Dionysio
700 2534 803 2576 pulso
828 2533 1012 2577 Syracusis
1035 2534 1244 2566 remansisse
1267 2534 1368 2566 nobis
1390 2532 1632 2576 persuadetur.

501 2587 538 2628 4)
561 2586 729 2620 Ceterum
744 2587 809 2620 hac
824 2597 862 2620 re
878 2606 918 2611 —
937 2588 1052 2625 miror,
1076 2586 1170 2630 quod
1192 2597 1295 2620 nemo
1311 2586 1429 2621 adhuc
1443 2587 1732 2620 commemoravit
1751 2605 1786 2611 -

375 2640 611 2682 Speusippum
636 2643 815 2672 auctorem
842 2650 920 2673 esse
945 2640 1117 2682 epistulae
1142 2641 1280 2682 spuriae
1303 2639 1534 2673 demonstrari
1559 2643 1690 2682 potest.
