2138 3299
939 295 1180 334 -g-

348 426 408 464 est
438 424 698 475 praescriptio
729 424 929 463 ἐπιστολαὶ
959 424 1193 474 Σωκράτους
1222 425 1289 462 καὶ
1318 423 1599 474 Σωκρατικῶν;
1630 436 1763 476 neque

349 500 445 529 vero
476 489 617 528 inutile
653 489 726 529 erit
755 489 974 539 exquirere,
1014 498 1119 537 quos
1154 486 1448 527 Socraticorum
1488 499 1657 528 numero
1693 488 1762 528 ad-

348 553 635 603 scribamus¹):
683 553 772 593 sine
809 553 935 592 dubio
973 551 1148 590 Socratis
1183 551 1405 602 discipulos
1441 555 1561 602 atque
1596 552 1762 598 amicos,

349 619 391 657 ut
427 616 653 665 Platonem,
694 617 1024 668 Xenophontem.
1063 615 1319 664 Aeschinem,
1356 615 1617 668 Aristippum,
1653 615 1762 657 Anti-

348 682 549 729 sthenem,
580 681 820 729 Phaedrum,
852 681 1057 731 aliosque;
1095 680 1167 719 sed
1197 680 1315 719 etiarn
1347 681 1425 727 alii,
1462 683 1503 720 ut
1532 680 1762 720 Academici

349 745 608 797 Speusippus
647 747 685 785 et
724 745 982 792 Xenocrates,
1022 743 1114 784 huic
1154 744 1412 795 epistularum
1456 744 1681 785 collectioni
1723 768 1756 774 —

351 821 484 860 neque
516 812 556 849 ut
586 810 683 848 mihi
704 810 860 848 videtur
880 809 994 849 bono
1025 809 1107 847 iure
1128 831 1179 836 —
1199 809 1387 848 vindicati
1418 813 1522 849 sunt.
1553 809 1606 849 llli
1629 814 1761 849 autem

349 873 549 924 discipuli,
581 884 829 924 quamquam
853 873 918 912 alii
938 872 1037 912 alias
1057 872 1140 911 vias
1161 873 1331 923 ingressi
1360 875 1453 912 sunt
1481 896 1527 901 ——
1556 874 1763 913 sententiis

348 938 466 978 variis
495 938 667 989 quisque
698 942 741 977 ut
764 936 940 978 Socratis
969 939 1181 988 praecepta
1211 941 1250 977 et
1279 937 1501 977 doctrinam
1533 942 1764 988 sequeretur

348 1012 513 1053 operam
552 1002 726 1041 navabat
753 1024 800 1029 —
829 1002 982 1051 optime
1019 1001 1095 1040 sub
1132 1001 1298 1040 nomine
1335 1000 1628 1042 Socraticorum
1666 1013 1761 1041 con-

349 1066 545 1117 iungendi
576 1068 699 1106 erant.

479 1130 745 1181 Inspiciamus
783 1141 889 1169 nunc
928 1130 1095 1169 breviter
1131 1129 1324 1180 epistulas
1353 1140 1436 1176 eas,
1474 1130 1622 1181 quibus
1652 1140 1762 1180 prae-

349 1194 512 1245 scriptio
529 1195 654 1241 deest,
672 1199 714 1234 ut
728 1195 792 1233 cui
810 1194 1086 1234 attribuendae
1102 1194 1182 1233 sint
1198 1193 1472 1233 enucleamus.
1492 1193 1761 1244 Epistularum

350 1263 641 1310 postremarum
663 1257 940 1309 Speusippum
971 1262 1010 1297 et
1028 1257 1293 1297 Xenocratem
1316 1259 1500 1297 auctores
1528 1256 1645 1298 fictos
1674 1268 1762 1297 esse

350 1322 472 1361 hodie
503 1333 587 1360 non
627 1322 705 1360 iam
737 1322 921 1371 ignotum
961 1321 1070 1371 est2).
1128 1321 1220 1370 Qua
1252 1333 1291 1361 re
1330 1322 1407 1360 hoc
1443 1322 1535 1360 loco
1568 1322 1764 1372 imprimis

348 1385 627 1426 disserendum
659 1385 729 1426 erit
757 1386 808 1425 de
838 1386 1021 1437 epistulis
1055 1386 1114 1434 17,
1145 1385 1209 1433 20,
1239 1385 1302 1426 28.
1359 1385 1490 1426 Multo
1528 1385 1762 1426 brevissima

348 1453 408 1489 est
446 1449 692 1498 vicesima³)‚
745 1462 849 1500 quae
892 1462 981 1489 mea
1029 1450 1227 1489 sententia
1269 1450 1389 1489 missa
1437 1452 1496 1488 est
1535 1449 1761 1489 Antistheni

349 1525 485 1565 neque
525 1513 648 1554 alium
691 1525 924 1565 quenquam
968 1514 1044 1554 nisi
1085 1514 1193 1553 hunc
1231 1512 1548 1564 intellegendum
1590 1524 1679 1554 esse
1721 1517 1763 1553 ut

350 1577 513 1617 arbitrer
553 1577 745 1625 adducor,
790 1578 884 1627 quia
928 1578 1048 1617 verba
1090 1578 1183 1616 διότι
1223 1577 1406 1623 διατελεῖς
1446 1579 1587 1623 παντὸς
1632 1578 1762 1616 ἐπάνω

350 1641 516 1680 πλούτου
546 1642 614 1679 καὶ
635 1640 749 1691 δόξης
768 1642 835 1679 καὶ
856 1640 896 1688 ἐξ
916 1642 968 1679 ῶν
989 1641 1080 1694 βιοῖς
1099 1643 1176 1679 οἷον
1198 1641 1456 1693 ἀπεικόνισμά
1476 1654 1510 1680 τι
1531 1641 1763 1692 Σωκράτους

350 1705 474 1756 περίει
504 1705 724 1756 Ἀθήνησιν
759 1706 912 1756 optime
942 1706 1206 1745 accomodata
1237 1708 1330 1745 sunt
1363 1706 1451 1745 eius
1480 1717 1676 1756 personae
1707 1708 1761 1746 at-

350 1782 429 1822 que
460 1770 537 1818 ille,
568 1781 659 1810 cum
690 1773 795 1810 esset
826 1772 953 1810 aetate
983 1772 1208 1822 provectus,
1239 1770 1564 1811 commorabatur
1582 1769 1760 1810 Athenis.

348 1835 475 1874 Missa
505 1837 565 1873 est
594 1834 765 1885 epistula
786 1846 808 1874 a
830 1834 1007 1874 Socratic
1027 1834 1235 1885 oquodam
1268 1834 1481 1885 discipulo,
1511 1835 1580 1885 qui
1601 1835 1639 1873 in
1661 1834 1761 1875 The-

349 1899 549 1938 banorum
582 1899 678 1938 urbe
700 1898 1029 1939 adulescentibus
1057 1898 1385 1940 communicabat
1405 1909 1626 1946 sermones,
1657 1909 1763 1949 quos

348 1975 370 2002 a
400 1962 566 2002 Socrate
596 1963 761 2002 audivit.
793 1962 974 2013 Epistula
1004 1964 1067 2008 28,
1097 1973 1202 2013 quae
1233 1962 1372 2013 incipit
1399 1974 1422 2001 a
1453 1963 1582 2002 verbis
1611 1964 1658 2000 τὰ
1686 1964 1761 2013 γὰρ

347 2028 437 2079 ἐμὰ,
466 2028 496 2065 ὦ
517 2025 694 2073 Πλάτων,
725 2027 777 2065 σά
805 2039 904 2078 φημι
933 2027 1029 2065 εἶναι
1051 2026 1141 2077 δίκῃ
1171 2026 1322 2077 ἁπάσῃ,
1352 2027 1484 2077 ὥσπερ
1513 2027 1581 2065 καὶ
1600 2025 1761 2078 Σωκρά-

348 2105 434 2137 τους
454 2092 502 2141 ἦν
524 2091 712 2142 inscripta
734 2094 793 2131 est
813 2091 1002 2131 Πλάτωνι.
1042 2091 1095 2132 Ut
1115 2091 1258 2139 dicam,
1289 2091 1402 2142 quod
1423 2091 1595 2137 conicio,
1624 2096 1763 2132 auctor

481 2187 515 2226 1)
540 2186 719 2229 Diogenes
736 2185 850 2219 Laert.
876 2186 911 2218 II
928 2186 970 2219 47
995 2186 1099 2219 docet
1122 2197 1165 2219 ex
1190 2186 1250 2223 eis,
1275 2187 1333 2229 qui
1358 2189 1606 2220 successerunt,
1628 2187 1762 2220 Socrati

348 2243 386 2272 et
401 2240 566 2282 appellati
583 2243 669 2272 sunt,
687 2240 866 2277 Socratici,
891 2240 1128 2273 nobilissimos
1142 2240 1252 2273 fuisse
1270 2241 1464 2279 Platonem,
1477 2240 1761 2283 Xenophontem,

348 2294 613 2331 Antisthenem;
640 2303 684 2325 ex
701 2293 754 2327 his
771 2304 866 2331 vero,
890 2294 948 2337 qui
967 2293 1089 2327 decem
1106 2294 1216 2337 vulgo
1232 2294 1407 2333 dicuntur,
1426 2294 1636 2327 clarissimos
1652 2294 1761 2328 fuisse

348 2351 527 2390 quattuor,
552 2348 777 2386 Aeschinem,
805 2347 1040 2389 Phaedonem,
1065 2348 1259 2385 Euclidem,
1284 2348 1513 2391 Aristippum.

478 2402 513 2440 2)
537 2400 606 2433 vid.
631 2401 664 2433 h.
687 2401 720 2433 d.
745 2412 824 2444 pag.
850 2403 901 2433 ll.

478 2456 513 2493 3)
537 2454 654 2488 Obens
679 2465 710 2497 p.
729 2456 789 2488 28:
821 2454 1018 2494 „Vicesima
1041 2455 1294 2497 praetereunda
1317 2458 1380 2495 est,
1406 2465 1486 2488 cum
1513 2466 1625 2498 neque
1648 2467 1669 2487 a
1691 2466 1761 2498 quo

347 2518 463 2551 neque
485 2507 528 2541 ad
554 2519 660 2551 quem
685 2507 768 2542 data
791 2509 839 2542 sit.
863 2518 1077 2552 cognoscere
1101 2509 1308 2552 possimus.“
1334 2509 1498 2543 Ceterum
1521 2511 1591 2543 iam
1610 2509 1762 2543 Orellius

347 2561 385 2600 (l.
412 2572 441 2594 c.
468 2572 501 2603 p.
521 2562 598 2602 235)
631 2562 675 2594 ad
700 2562 949 2596 Antisthenem
984 2563 1074 2595 hanc
1103 2563 1292 2604 epistulam
1322 2563 1464 2595 missam
1490 2573 1566 2595 esse
1592 2563 1678 2605 fingi
1707 2572 1762 2595 su-

346 2615 503 2658 spicatus
526 2618 593 2648 est.
