2138 3299
361 495 494 536 biadis
526 509 558 535 c.
585 499 649 534 11:
687 495 1099 534 maledicentissimus
1128 495 1331 547 scriptor).
1377 495 1517 535 Etiam
1553 496 1633 535 alia
1653 508 1778 536 causa

365 561 616 612 Speusippus
639 565 686 599 ut
708 560 977 600 imbecillaret
1000 560 1283 600 adversarium
1305 564 1536 601 commotus
1557 573 1644 600 esse
1668 561 1777 602 vide-

361 628 446 663 tur:
463 624 637 675 scriptor
651 636 801 671 rerum,
821 624 891 676 qui
906 637 969 663 res
983 629 1121 676 gestas
1135 625 1240 676 regis
1255 628 1468 670 tractaret,
1485 638 1569 664 non
1584 625 1777 664 Isocratis

360 688 654 740 discipulorum
664 701 849 736 numero,
859 690 928 729 sed
940 690 1104 729 scholae
1116 702 1215 729 suae
1228 689 1305 741 ipsi
1316 689 1605 731 attribuendus
1619 689 1775 739 esset1).

358 776 411 781 --
438 754 474 792 E
501 754 637 793 verbis
666 767 774 804 quae
800 758 1030 804 sequuntur
1058 754 1234 792 fort-asse
1261 758 1435 804 apparet
1462 755 1776 804 Theopompum

360 816 403 855 in
419 829 542 868 opere
557 830 632 855 suo
648 817 800 858 dixisse
816 830 900 856 non
917 818 1133 856 Platonem
1151 817 1340 868 Philippo
1356 829 1528 868 regnum
1547 817 1774 868 paravisse:

360 883 492 932 ὥσπερ
523 884 564 920 οὐ
594 881 799 927 Πλάτωνος
827 883 896 932 τὴν
927 883 1055 932 ἀρχὴν
1083 888 1151 932 τῆς
1180 883 1307 932 ἀρχῆς
1336 883 1398 920 ἐπὶ
1426 881 1627 932 Περδίκκᾳ
1655 895 1776 920 κατα-

360 945 622 990 σκευάσαντος
660 974 668 982 .
687 974 694 981 .
713 975 741 989 .,
782 957 865 994 quo
901 945 1024 984 modo
1054 945 1290 983 declaratur
1328 945 1456 982 etiam
1493 946 1605 995 quod
1637 945 1775 984 Obens

358 1008 579 1047 adnotavit
601 1021 640 1058 p.
662 1011 728 1048 37:
757 1008 1063 1059 „Speusippum
1085 1008 1162 1046 illis
1184 1008 1319 1047 verbis
1342 1021 1426 1047 non
1447 1009 1773 1059 Theopompum,

356 1072 426 1110 sed
461 1071 699 1123 Philippum
739 1072 876 1122 ipsum
915 1072 1153 1122 vituperare
1195 1072 1396 1111 voluisse“
1441 1073 1602 1121 (ἀδίκως
1637 1074 1679 1112 δὲ
1707 1079 1775 1123 τῆς

357 1138 466 1187 παρὰ
497 1142 566 1175 σοῦ
596 1136 786 1187 χορηγίας
814 1137 1080 1187 τυγχάνων)2).

493 1200 558 1239 Ex
575 1200 753 1251 epist-ula
771 1200 1044 1251 comperimus
1062 1200 1376 1251 Theopompum
1395 1214 1418 1238 a
1437 1200 1627 1251 Philippo
1645 1200 1773 1239 omni-

358 1264 435 1302 bus
453 1264 571 1303 bonis
588 1267 836 1302 exornatum
853 1276 950 1302 esse.
987 1264 1049 1301 De
1066 1265 1333 1314 Theopompo
1352 1277 1375 1301 a
1391 1276 1484 1314 rege
1502 1265 1774 1304 Macedonum

356 1329 527 1368 laudato
557 1327 743 1366 conferas
773 1341 880 1378 quae
901 1327 1001 1367 dicit
1027 1320 1327 1377 Sozomenus⁸):
1360 1329 1393 1367 οἱ
1421 1334 1579 1368 τοιοῦτοι
1608 1328 1773 1379 Κρητῶν

357 1393 389 1430 οἱ
417 1392 540 1431 πάλαι
570 1392 743 1442 ἐγένοντο
772 1394 860 1442 περὶ
888 1394 951 1430 τὸν
972 1392 1143 1444 ἀοίδιμον
1174 1394 1318 1431 ἐκεῖνον
1338 1390 1530 1444 Ὅμηρον,
1560 1394 1586 1443 ἢ
1605 1392 1772 1432 Ἀλευά-

355 1457 419 1494 δαι
447 1458 534 1507 περὶ
564 1456 797 1508 Σιμωνίδην,
827 1457 852 1506 ἢ
873 1456 1067 1502 Διονύσιος
1095 1457 1115 1495 ὁ
1143 1457 1323 1502 Σικελίας
1352 1457 1534 1507 τύραννος
1562 1458 1649 1507 περὶ
1668 1456 1771 1494 Πλά-

353 1533 456 1559 τωνα
486 1522 549 1559 τὸν
580 1522 814 1571 Σωκράτους
844 1522 1007 1571 ἑταῖρον,
1038 1522 1062 1569 ἢ
1084 1519 1275 1566 Φίλιππος
1304 1521 1324 1559 ὁ
1344 1519 1536 1559 Μακεδὼν
1565 1522 1652 1570 περὶ
1679 1519 1773 1559 Θεό-

354 1597 506 1636 πομπον
535 1586 599 1622 τὸν
631 1584 870 1635 συγγραφέα.

488 1648 595 1686 Vero
617 1647 853 1698 proximum
873 1652 936 1685 est
957 1647 1337 1698 epistolographum
1360 1652 1546 1686 auctores
1567 1647 1770 1698 quosdam

354 1715 544 1751 secutum
562 1723 661 1757 esse,
683 1711 753 1763 qui
775 1711 826 1752 de
846 1711 934 1750 vita
954 1711 1211 1762 Theopompi
1231 1715 1417 1767 agerent2
1440 1711 1624 1750 conferas
1645 1711 1771 1750 verba

353 1789 460 1827 quae
475 1776 624 1814 similia
640 1776 831 1826 leguntur
848 1776 891 1813 in
907 1775 994 1814 vita
1010 1775 1151 1814 Bionis
1170 1775 1303 1826 (Diog.
1322 1777 1365 1814 L.
1382 1777 1440 1814 IV
1455 1779 1539 1824 47):
1560 1778 1657 1815 ὥστε
1673 1790 1771 1814 παυ-

354 1841 574 1879 σάσθωσαν
603 1839 795 1891 Περσαῖός
824 1853 863 1878 τε
892 1841 960 1878 καὶ
987 1839 1205 1890 Φιλωνίδης
1235 1840 1468 1890 ἱστοροῦντες
1498 1841 1606 1878 αὐτά.
1639 1840 1773 1879 σκόκει

352 1905 395 1942 δέ
425 1919 470 1955 με
500 1904 541 1950 ἐξ
570 1906 736 1955 ἐμαυτοῦ
772 1916 866 1941 cum
894 1904 1012 1953 epist.
1035 1907 1084 1942 30
1105 1905 1123 1951 ξ
1144 1907 1190 1940 12
1227 1906 1289 1942 ἵνα
1320 1906 1383 1942 οὖν
1412 1904 1639 1956 Θεόπομπος
1673 1905 1771 1942 παύ-

353 1981 468 2019 σηται
496 1969 641 2020 τραχὺς
671 1969 736 2016 ὢν,
766 1967 951 2006 κέλευσον
978 1967 1093 2015 ...⁴).

486 2032 596 2070 Item
640 2031 789 2069 acriter
834 2035 960 2081 atque
1004 2032 1270 2069 vehementer
1315 2031 1540 2069 insectatus
1585 2035 1648 2070 est
1692 2033 1770 2069 hac

350 2095 530 2147 epistula
565 2094 819 2146 Speusippus
856 2095 1080 2133 Isocratem
1113 2094 1432 2145 Apolloniat-em‚
1467 2096 1518 2135 de
1551 2108 1634 2146 quo
1667 2095 1769 2135 dicit

481 2202 513 2242 1)
537 2200 583 2233 cf.
600 2200 890 2238 Christ-Schmid,
916 2201 974 2232 Gr.
989 2200 1040 2237 L..
1054 2201 1071 2232 I
1094 2212 1126 2243 p.
1145 2202 1218 2240 498,
1240 2201 1321 2233 adn.
1343 2202 1376 2234 1:
1402 2201 1443 2232 In
1461 2201 1523 2233 der
1536 2201 1769 2243 Schilderung

351 2265 420 2287 von
445 2254 526 2287 dem
549 2254 726 2287 Wettlauf
747 2254 810 2286 der
833 2254 975 2287 isokrat.
1002 2254 1324 2288 Historikerschule
1347 2265 1407 2287 um
1432 2254 1489 2286 die
1517 2254 1682 2297 Stellung
1705 2254 1768 2287 des

349 2307 726 2350 Hofhistoriographen
759 2319 816 2339 am
846 2307 1028 2339 makedon.
1061 2308 1135 2339 Hos
1171 2309 1207 2339 in
1246 2308 1313 2339 den
1345 2307 1682 2340 Sokratikerbriefen
1715 2318 1766 2340 nr.

348 2362 390 2394 30
399 2361 439 2395 ff.
464 2361 541 2394 darf
563 2372 644 2394 man
660 2361 780 2404 gewiss
801 2362 904 2394 einen
921 2360 1090 2394 Nachhall
1115 2361 1410 2404 geschichtlicher
1426 2351 1616 2404 Vorgange
1632 2360 1765 2394 finden.

477 2415 511 2457 2)
535 2414 655 2448 Obens
689 2426 722 2457 p.
739 2415 797 2447 37:
832 2414 990 2453 Accedit,
1024 2414 1117 2457 quod
1142 2415 1390 2457 Theopompus
1421 2425 1492 2447 non
1523 2418 1605 2447 ante
1636 2425 1767 2446 annum

347 2468 411 2501 342
441 2468 535 2511 apud
559 2468 760 2511 Philippum
794 2467 871 2505 fuit,
901 2478 942 2501 ac
974 2468 1207 2511 Speusippum
1233 2471 1401 2511 quattuor
1432 2469 1533 2500 annis
1562 2471 1641 2510 post
1670 2468 1765 2499 illam

346 2523 542 2554 orationem
563 2523 732 2556 Isocratis
755 2523 1002 2564 perstrinxisse
1028 2523 1216 2555 verisimile
1240 2533 1311 2555 non
1334 2526 1399 2555 est.

475 2575 510 2616 3)
534 2575 690 2608 Historia
721 2576 970 2615 ecclesiastiea,
1002 2576 1017 2607 I
1046 2587 1077 2619 p.
1100 2576 1180 2614 394;
1213 2576 1255 2608 cf.
1286 2576 1324 2608 O.
1350 2576 1391 2607 G.
1424 2575 1647 2613 Boehnecke,
1677 2575 1700 2607 1.
1726 2585 1765 2612 c.,

346 2640 376 2671 p.
395 2629 469 2666 477,
493 2628 574 2660 adn.
591 2629 623 2661 3.

473 2682 509 2723 4)
534 2681 578 2714 cf.
606 2682 660 2714 Fr.
688 2682 773 2719 Leo,
799 2681 1042 2715 Griech.—r‹'5m.
1068 2682 1200 2725 Biogr.‚
1225 2694 1257 2725 p.
1277 2683 1329 2715 65.
