2138 3299
946 332 1186 371 —7-

363 462 566 501 Praeterea
597 461 776 512 digerere
807 460 998 507 conabor,
1036 459 1353 511 epistolographi
1384 470 1488 510 quae
1518 458 1594 498 sibi
1625 468 1772 509 propo-

362 526 512 565 suerint
547 526 617 564 viri
655 525 849 576 epistulas
885 526 957 563 has
994 528 1292 574 componentes
1329 524 1559 574 quibusque
1597 524 1658 562 usi
1694 523 1773 562 sint

362 590 553 629 fontibus.
591 589 651 628 De
682 589 853 639 epistula
882 589 1081 627 tricesima
1111 587 1234 637 longe
1266 588 1438 627 maxima
1469 589 1507 626 et
1536 587 1771 637 gravissima

362 655 502 704 postea
532 653 739 693 disseram.

898 802 1039 849 Pars
1072 802 1226 860 prior

531 877 561 915 l.
593 876 659 916 De
689 876 989 916 auctoribus
1018 877 1063 915 et
1093 876 1598 926 praescriptionibus.

489 973 728 1012 Collectioni
779 973 1039 1023 epistularum
1081 972 1257 1012 Socratis
1304 975 1342 1011 et
1382 972 1676 1012 Socraticorum
1718 996 1769 1001 —

358 1036 489 1075 Allatii
530 1037 653 1077 editio
694 1037 855 1076 exhibet
893 1037 1177 1091 tantummodo
1207 1036 1260 1076 35
1300 1058 1349 1065 —-
1391 1036 1560 1075 tributae
1597 1040 1690 1076 sunt
1729 1038 1767 1076 in

358 1101 535 1139 editione
576 1101 844 1139 Hercheriana
885 1101 949 1145 37,
1000 1111 1167 1150 quarum
1214 1103 1367 1149 septem
1420 1101 1571 1150 priores
1616 1112 1767 1140 nomen

357 1162 545 1211 Socratis,
585 1168 737 1203 ceterae
767 1174 871 1214 quae
901 1163 1064 1214 quidem
1096 1164 1306 1214 inscriptae
1337 1168 1442 1211 sunt,
1472 1163 1766 1203 Socraticorum

357 1228 498 1267 ferunt.
544 1228 602 1267 Ex
631 1240 677 1267 ea
708 1240 747 1267 re
777 1229 888 1278 quod
918 1239 1003 1267 non
1032 1239 1177 1268 omnes
1207 1229 1245 1266 in
1277 1229 1428 1267 eisdem
1461 1228 1769 1268 inveniebantur

357 1292 578 1340 codicibus,
610 1293 871 1343 diversaeque
892 1292 1182 1343 posterioribus
1210 1292 1462 1343 temporibus
1482 1293 1767 1332 adnumeratae

356 1361 450 1396 sunt
479 1357 571 1396 huic
600 1357 840 1403 collectioni,
871 1357 920 1396 de
950 1356 1209 1407 epistularum
1240 1367 1345 1406 quae
1375 1356 1528 1395 Socrati
1558 1362 1596 1396 et
1624 1356 1765 1396 Socra-

356 1420 444 1460 ticis
480 1420 773 1460 adiudicandae
814 1420 892 1460 sint
929 1421 1046 1471 copia
1087 1422 1190 1460 certa
1229 1420 1307 1459 dici
1344 1431 1425 1460 non
1465 1431 1587 1471 posse
1624 1421 1765 1468 elucet,

356 1485 585 1533 praesertim
623 1495 714 1523 curn
744 1485 870 1524 multo
900 1485 1034 1534 plures
1070 1485 1278 1534 quondam
1314 1496 1435 1534 quam
1476 1485 1598 1524 hodie
1629 1485 1765 1524 huius-

358 1548 469 1587 modi
508 1548 703 1598 epistulae
733 1548 930 1587 exstitisse
968 1547 1233 1596 videantu11).
1281 1547 1407 1587 Immo
1437 1559 1531 1587 vero
1572 1549 1765 1598 suspicari

357 1622 578 1661 possumus
613 1612 742 1650 varias
777 1612 970 1661 epistulas
1007 1622 1111 1661 quae
1142 1614 1319 1650 servatae
1348 1616 1443 1651 sunt
1471 1611 1623 1651 eisdem
1654 1613 1765 1652 codi-

356 1676 483 1720 cibus,
514 1679 582 1714 aut
602 1675 803 1725 prioribus
832 1676 911 1714 iam
933 1675 1120 1715 collectas
1150 1686 1238 1715 esse
1259 1675 1511 1725 temporibus
1533 1678 1601 1714 aut
1622 1675 1764 1715 eadem

355 1743 483 1779 aetate
512 1740 741 1789 complures
771 1739 821 1779 ab
852 1750 935 1779 uno
966 1743 1127 1779 auctore
1156 1740 1404 1790 conscriptas
1434 1750 1535 1779 esse.
1579 1739 1764 1780 Attamen

355 1804 635 1842 difficillimum
675 1803 746 1843 erit
783 1804 905 1843 hodie
942 1803 1206 1843 determinare
1244 1804 1440 1853 epistulae
1478 1804 1663 1854 singulae
1700 1805 1764 1844 cui

353 1867 590 1906 tribuendae
620 1868 700 1906 sint
727 1868 898 1906 auctori:
937 1868 1022 1906 fieri
1051 1867 1193 1917 potuit,
1224 1872 1266 1906 ut
1295 1878 1399 1917 quae
1428 1868 1683 1918 sequebatur,
1713 1869 1774 1908 ab·

353 1930 499 1969 eodem
529 1931 758 1980 fingeretur,
789 1932 857 1981 qui
888 1931 1193 1970 antecedentem
1223 1937 1528 1981 composuerat;
1567 1932 1638 1970 sed
1669 1932 1763 1971 item

352 1995 404 2033 ab
435 1994 580 2034 eodem
618 1998 780 2034 auctore
818 1997 984 2045 utraque
1022 1994 1193 2045 epistula
1232 1995 1461 2044 excogitata
1500 2006 1589 2034 esse
1619 1996 1763 2045 potuit.

353 2058 537 2098 Fortasse
575 2059 732 2098 facilius
773 2059 996 2098 discernere
1035 2069 1255 2109 possumus
1295 2060 1334 2098 in
1373 2059 1556 2109 epistulis
1592 2060 1763 2111 singulis

353 2122 665 2172 conspiciendis,
696 2125 737 2161 ut
767 2134 829 2173 ep.
857 2124 870 2161 1
896 2125 934 2161 et
954 2123 992 2166 6,
1024 2123 1092 2161 ubi
1114 2127 1322 2173 utramque
1344 2124 1555 2173 epistulam
1586 2124 1761 2163 eundem

354 2190 557 2226 auctorem
581 2187 772 2226 habuisse
791 2187 1045 2227 verisimilius
1065 2187 1241 2231 videtur;
1272 2187 1342 2226 sed
1373 2198 1463 2227 curn
1488 2187 1525 2226 in
1549 2187 1762 2238 plerisque,

353 2254 395 2289 ut
435 2262 528 2301 epp.
557 2251 609 2289 30
639 2255 677 2290 et
705 2252 769 2298 31,
814 2251 860 2290 12
890 2256 928 2290 et
961 2252 1008 2290 13
1037 2256 1076 2291 et
1104 2251 1168 2296 29,
1209 2251 1384 2290 eundem
1427 2254 1630 2291 auctorem
1672 2262 1762 2291 esse

354 2315 418 2354 vix
432 2315 646 2365 quisquam
663 2319 801 2365 putare
813 2315 954 2366 possit,
965 2315 1014 2355 de
1028 2315 1235 2355 nonnullis
1245 2316 1370 2355 modo
1380 2316 1562 2366 epistulis
1572 2327 1762 2366 quaerere

352 2378 446 2418 utile
477 2379 557 2417 erit.
617 2379 656 2418 ln
695 2379 835 2419 codice
872 2379 1171 2430 Gottingensi2)
1209 2380 1405 2430 epistulae
1441 2391 1531 2418 cum
1574 2384 1762 2419 notentur

350 2442 581 2493 simpliciter
610 2443 807 2481 ἐπιστολαὶ
827 2443 1071 2494 Σωκράτους,
1102 2444 1221 2482 nobis
1242 2445 1398 2494 optimo
1427 2444 1509 2481 iure
1531 2444 1760 2494 supplenda

482 2540 515 2578 l)
541 2537 600 2570 Sic
628 2538 734 2570 etiam
765 2537 809 2569 de
841 2538 1000 2580 epistulis
1031 2537 1369 2570 Pseudoheracliteis
1401 2537 1571 2570 iudicavit,
1601 2539 1760 2571 Jacobus

351 2590 519 2632 Bernays,
542 2590 610 2622 Die
633 2591 763 2623 herald.
787 2590 915 2630 Briefe,
939 2590 1055 2623 Berol.
1078 2592 1174 2630 1869,
1199 2602 1231 2633 p.
1254 2593 1328 2624 113.

479 2645 514 2684 2)
537 2643 609 2677 vid.
634 2654 712 2686 pag.
740 2645 815 2677 108.
