2138 3299
913 342 1181 382 ...41-

339 471 489 522 quibus
506 471 644 522 agitur
659 471 701 510 in
717 471 786 510 illo
803 470 978 522 dialogo,
995 471 1038 509 in
1054 470 1232 521 epistula
1251 470 1460 509 Socratica
1475 470 1594 509 nobis
1611 481 1749 510 occur-

338 540 454 582 runt;
480 535 660 586 primum
683 536 793 575 enim
816 549 877 581 ea,
902 548 1009 587 quae
1033 535 1242 585 pertinent
1267 536 1320 574 ad
1343 535 1590 574 Archelaum
1613 546 1749 585 regem

337 601 472 650 ipsum
482 613 491 646 ;
523 600 670 639 deinde
699 600 827 639 verba
855 603 941 652 περὶ
970 600 1168 652 βασιλείας
1196 612 1278 638 non
1308 600 1470 644 desunt,
1500 599 1550 637 cf.
1584 611 1746 649 paragr.

342 667 476 714 losq.;
503 664 681 714 denique
706 665 748 702 in
775 665 936 714 dialogo
962 664 1030 702 illo
1059 664 1231 712 Gorgias
1256 664 1396 701 rhetor
1421 663 1562 701 illusus
1588 666 1650 701 est
1679 662 1745 710 (cf.

338 727 543 766 Athenaei
572 727 699 767 verba
728 727 764 766 V
793 731 869 766 220
887 715 1195 773 D‚‘D1·1mm1er‚
1225 727 1496 772 Akademika‚
1526 739 1564 777 p.
1601 729 1747 777 lOsq2),

338 805 464 843 quam
485 792 538 831 ad
558 792 943 842 interpretationem
963 792 1161 842 respicere
1181 794 1352 842 possunt
1374 803 1534 841 paragr.
1562 794 1578 828 1
1601 790 1746 829 verba:

338 859 400 897 τὸν
434 857 513 896 οὐδ’
554 858 651 904 ὅλως
687 858 808 897 καλὸν
843 858 1043 910 νομίζοντα
1077 860 1163 904 τοὺς
1200 859 1238 896 ἐν
1276 856 1480 908 φιλοσοφίᾳ
1515 857 1748 906 πιπράσκειν

337 922 484 972 λόγους,
507 933 696 971 quaeque
723 922 916 972 leguntur
935 922 976 959 in
998 934 1160 972 paragr.
1188 925 1235 958 10
1263 922 1313 959 de
1335 921 1405 965 eis,
1434 921 1505 971 qui
1526 921 1654 958 stulte
1674 920 1747 958 irn-

337 985 495 1036 perium
517 989 734 1035 appetunt.
778 985 870 1024 Huc
892 985 1064 1031 accedit,
1094 985 1205 1036 quod
1226 984 1292 1023 ille
1314 985 1428 1032 τόπος
1449 984 1667 1035 cynicusl),
1697 996 1748 1023 ex

338 1061 420 1098 quo
437 1048 690 1099 intellegitur
708 1049 858 1088 fabulis
876 1050 1013 1089 doceri
1031 1050 1181 1088 divites
1195 1053 1469 1099 potentesque
1486 1049 1658 1087 summis
1677 1048 1747 1086 ad·

337 1111 406 1150 fici
424 1111 745 1157 calamitatibus,
765 1112 967 1162 reperitur
984 1113 1026 1150 in
1046 1124 1206 1162 paragr.
1232 1115 1277 1149 12
1297 1112 1497 1162 epistulae
1519 1111 1645 1156 Soet„
1665 1123 1749 1162 qua

337 1179 480 1214 auctor
505 1176 702 1221 declarat,
727 1189 853 1226 quam
877 1180 1031 1215 sortem
1056 1176 1257 1226 acceperit
1282 1176 1569 1225 Bellerophon,
1595 1176 1748 1226 quique

337 1239 493 1288 optime
515 1239 808 1278 accomodatus
828 1251 915 1278 esse
935 1239 1101 1278 videtur
1122 1240 1175 1278 ad
1195 1239 1454 1277 Antisthenis
1474 1251 1625 1284 mores;
1647 1240 1747 1277 item

336 1305 537 1355 παρρησία
556 1303 637 1349 illa,
658 1316 764 1354 quae
787 1305 804 1352 ξ
825 1306 870 1341 12
897 1303 1118 1349 indicatur,
1138 1303 1191 1342 ad
1210 1303 1317 1342 hunc
1338 1303 1627 1354 philosophum
1646 1303 1745 1342 refe—

335 1368 463 1406 renda
476 1372 550 1406 est.
580 1368 772 1406 Fortasse
786 1379 950 1419 quoque
964 1367 1177 1417 dispositio
1191 1372 1328 1406 exstat
1343 1368 1540 1406 sermonis
1553 1367 1595 1406 in
1610 1367 1744 1406 ver-bis

339 1433 415 1480 §51
448 1438 597 1483 πρῶτον
636 1435 702 1484 μὲν
739 1435 804 1471 οὖν
841 1435 913 1472 οὐκ
948 1434 1077 1483 ὀρθῶς
1113 1433 1384 1484 ὑπέλαβες...
1412 1435 1479 1471 καὶ
1508 1434 1602 1483 πρὸς
1625 1434 1742 1484 τούτῳ

336 1497 458 1535 ἐκεῖνο
488 1499 558 1535 οὐκ
587 1497 762 1547 ἐλογίσω,
798 1499 853 1535 ὅτι
882 1498 1054 1536 ἐνταῦθά
1084 1510 1129 1548 με
1158 1497 1284 1535 πολλὰ
1313 1498 1482 1548 κατέχει.
1541 1495 1742 1535 Difficilli-

335 1571 449 1598 mum
471 1564 610 1599 autem
631 1563 692 1598 est
714 1560 1001 1605 determinare,
1024 1571 1130 1610 quae
1150 1572 1201 1598 ex
1222 1560 1434 1605 Archelao,
1457 1572 1563 1611 quae
1583 1572 1634 1599 ex
1655 1560 1743 1598 aliis

338 1623 641 1663 Socraticorum
661 1624 824 1674 scriptis
846 1625 1145 1674 deprompserit
1167 1624 1232 1662 hic
1256 1628 1410 1662 auctor.
1454 1624 1576 1663 Certo
1597 1624 1743 1669 multa,

335 1700 441 1738 quae
459 1688 510 1726 de
531 1688 710 1726 Socratis
728 1699 823 1726 cum
841 1689 1029 1739 tyrannis
1048 1688 1345 1727 consuetudine
1363 1688 1531 1739 eiusque
1549 1692 1744 1739 egertate,

335 1755 381 1790 ut
399 1752 526 1790 etiam
544 1752 594 1790 de
613 1752 838 1791 amicorum
856 1752 1152 1797 familiaritate,
1172 1764 1348 1803 quorum
1366 1752 1521 1791 divitiis
1539 1756 1580 1791 et
1599 1752 1744 1802 opibus

335 1820 455 1855 utens
488 1816 676 1855 Socrates
706 1816 880 1855 aliorum
909 1828 1046 1855 carere
1076 1820 1253 1866 poterat,
1285 1817 1338 1855 ad
1366 1817 1613 1855 Archelaum
1642 1817 1745 1855 bene

333 1879 473 1919 referri
500 1884 686 1930 possunt,
714 1881 786 1919 sed
813 1881 896 1920 iam
922 1894 971 1919 ea
998 1882 1049 1920 de
1075 1894 1213 1926 causa,
1242 1882 1353 1932 quod
1382 1882 1462 1920 alia
1488 1882 1643 1932 scripta
1668 1882 1743 1920 hac

334 1943 510 1995 epistula
531 1944 719 1983 adhibita
739 1957 825 1984 esse
845 1945 1118 1996 intellegimus
1138 1968 1191 1974 —
1211 1946 1433 1984 nonnullae
1452 1946 1683 1985 sententiae
1703 1946 1744 1984 in

335 2009 519 2047 Platonis
554 2010 619 2047 vel
646 2009 820 2047 aliorum
849 2009 1151 2048 Socraticorum
1178 2010 1304 2054 libris,
1342 2014 1388 2048 ut
1416 2011 1590 2060 exempl.
1620 2022 1653 2048 c.
1687 2013 1745 2060 §6

334 2080 398 2113 τοῦ
427 2075 686 2125 ἐπεγείροντος
714 2076 845 2125 ὥσπερ
868 2075 1022 2126 μύωπος
1051 2087 1073 2112 e
1095 2074 1199 2113 Plat.
1224 2074 1329 2124 apol.
1354 2086 1391 2124 p.
1413 2077 1462 2113 30
1483 2074 1519 2112 E
1547 2075 1745 2113 haustum

333 2149 420 2176 esse
446 2141 606 2176 certum
635 2138 800 2177 videtur
826 2160 880 2166 -
906 2138 1068 2177 cautius
1096 2138 1277 2177 iudicare
1304 2150 1378 2176 nos
1406 2142 1589 2188 oportet;
1620 2151 1666 2176 ac
1694 2152 1745 2177 ne

332 2200 433 2239 illud
449 2201 616 2251 quidem
631 2201 928 2251 neglegendum
944 2205 1007 2240 est
1022 2202 1176 2240 multas
1192 2215 1356 2252 quoque
1371 2203 1613 2248 sententias,
1629 2214 1743 2253 prae-

332 2265 451 2314 cipue
476 2264 517 2303 in
536 2265 700 2315 scriptis
722 2266 889 2316 cynicis,
916 2268 1004 2317 περὶ
1022 2267 1219 2318 βασιλείας
1238 2271 1278 2303 ct
1305 2268 1488 2313 ἰδιωτείας
1516 2267 1744 2305 contrarias

333 2339 540 2372 arcessitum
565 2349 642 2371 esse
665 2342 803 2373 censet:
828 2343 946 2372 actum
970 2349 1047 2373 esse
1072 2341 1107 2372 in
1130 2340 1273 2384 dialogo
1299 2341 1375 2381 hoc,
1397 2351 1440 2373 an
1457 2342 1562 2373 homo
1588 2341 1743 2383 privatus

332 2391 453 2424 eadem
477 2393 611 2425 ratione
638 2393 722 2424 felix
752 2403 827 2425 esse
850 2397 971 2435 posset
993 2396 1098 2435 atque
1128 2404 1198 2426 rex.
1243 2413 1276 2418 —
1314 2395 1419 2427 Certo
1450 2395 1534 2427 talia
1566 2395 1672 2427 verba
1700 2394 1742 2426 ab

332 2446 432 2478 nullo
455 2446 525 2478 alio
550 2447 618 2479 nisi
641 2457 662 2479 a
687 2447 812 2488 cynico
835 2446 988 2489 quodam
1010 2448 1238 2489 pronuntiata
1262 2451 1357 2480 sunt.

463 2501 495 2541 1)
522 2499 564 2532 cf.
595 2500 697 2533 Ferd.
730 2500 921 2541 Dummler‚
961 2499 1188 2541 Akademika,
1224 2513 1256 2544 p.
1284 2503 1382 2544 lsq„
1418 2503 1475 2545 qui
1505 2503 1599 2536 hunc
1627 2503 1741 2535 locum

332 2552 486 2585 afferens
502 2565 528 2586 S.
543 2565 573 2586 a.
593 2554 831 2593 „Gleichnisse
847 2565 917 2587 von
932 2554 994 2586 der
1005 2554 1243 2587 Weltbuhne“
1261 2555 1392 2588 iudicat
1409 2556 1739 2598 epistolographum‚

332 2606 391 2649 qui
416 2608 630 2639 sententiam
660 2608 751 2641 hanc
775 2618 794 2640 e
818 2608 994 2650 florilegio
1018 2606 1171 2650 quodam
1203 2609 1530 2652 haurirepotuerit,
1563 2610 1739 2651 dialogum

332 2661 448 2703 ipsum
473 2661 602 2702 legisse
627 2672 770 2695 necesse
796 2672 866 2694 non
890 2673 978 2695 esse.
