2138 3299
900 315 1167 356 ..51-

328 451 404 493 τοῖς
431 451 614 498 πονηροῖς
643 446 851 499 βουκόλοις,
888 446 923 485 οἱ
949 444 1240 497 παραλαβόντες
1270 445 1432 497 ἰσχυρὰς
1466 445 1535 490 τὰς
1562 442 1650 495 βοῦς
1678 444 1745 482 καὶ

328 511 486 557 πολλὰς,
510 511 640 562 ὀλίγας
660 512 728 549 καὶ
750 511 1038 561 ἀσθενεστέρας
1058 516 1230 550 ποιοῦσιν
1241 521 1250 554 ;
1273 509 1368 547 inde
1383 512 1574 558 apertum
1589 510 1651 545 est
1668 507 1745 545 hoc

330 575 419 613 loco
449 587 533 613 non
565 574 802 613 adhibitum
832 585 919 612 esse
950 574 1136 612 Platonis
1167 574 1328 611 librum.
1394 572 1570 611 Proinde
1600 572 1634 610 si
1666 572 1743 610 hac

329 639 508 689 epistula
523 650 742 689 personam
759 637 954 676 Chariclis
974 637 1094 675 valde
1110 637 1314 687 indignati
1337 637 1432 689 (ἰδίᾳ
1448 637 1743 688 ἀγανακτήσας)

328 705 694 741 commemoratam
727 701 975 746 invenimus,
1020 701 1128 739 hunc
1172 705 1383 739 auctorem
1424 700 1551 739 alium
1585 700 1746 738 fontem

327 765 553 815 inspexisse
569 765 635 803 vel
650 776 769 802 nosse
786 764 1027 803 concludere
1043 776 1275 814 possumuS,
1293 765 1380 802 sive
1396 764 1523 802 verba
1538 763 1745 814 quaedam

328 829 378 867 de
400 829 583 868 Charicle
603 828 674 866 illa
695 831 833 867 aetate
854 828 1005 867 iudicio
1026 828 1287 878 praesidente
1308 828 1395 866 sive
1416 828 1639 877 dialogum,
1662 839 1745 877 quo

331 892 510 931 Socratis
538 904 663 930 causa
691 891 917 930 dicebatur.

459 956 697 1006 Epistulam
718 959 764 995 14
785 956 970 996 maxima
989 969 1042 996 ex
1066 959 1187 1007 parte
1213 960 1454 1007 excerptam
1472 968 1560 996 esse
1577 967 1629 995 ex
1650 954 1742 994 Pla-

327 1020 436 1059 tonis
469 1020 690 1059 Phaedone
722 1032 843 1059 nemo
874 1020 959 1059 iam
990 1020 1170 1070 negabit.
1237 1021 1438 1059 Attamen
1469 1042 1522 1047 —
1554 1019 1742 1058 conferas

328 1097 495 1135 quaeso,
522 1097 629 1135 quae
648 1097 774 1135 supra
792 1084 972 1123 diximus
994 1086 1102 1135 (pag.
1123 1086 1190 1131 47)
1216 1106 1267 1112 —
1293 1084 1491 1122 nonnulla
1517 1084 1559 1122 in
1580 1084 1743 1133 dialogo

327 1148 395 1186 illo
414 1161 496 1186 non
515 1148 788 1198 reperiuntur,
808 1152 855 1186 ut
875 1160 981 1199 quae
999 1148 1192 1197 leguntur
1209 1148 1249 1185 in
1270 1148 1530 1198 paragrapho
1548 1147 1742 1191 secunda,

326 1212 404 1250 illic
426 1212 580 1250 frustra
600 1224 786 1263 quaeras.
829 1212 966 1251 Verba
986 1216 1083 1251 sunt
1105 1212 1223 1251 haec:
1256 1213 1304 1263 ἢν
1328 1214 1396 1263 μὲν
1417 1214 1492 1264 γὰρ
1514 1212 1540 1263 ἡ
1564 1211 1652 1263 ῥίζα
1673 1217 1742 1263 τῆς

326 1282 477 1328 γραφῆς
496 1273 658 1323 Ἄνυτος
683 1277 730 1316 δι’
757 1278 809 1316 ὢν
827 1276 1040 1328 Σωκράτης
1059 1277 1189 1328 ἔλεγεν
1218 1278 1329 1323 αὐτὸς
1355 1278 1395 1315 ἐν
1412 1282 1488 1323 τοῖς
1505 1276 1602 1322 νέοις
1621 1279 1740 1327 ἄρρη·

326 1355 374 1380 τα
391 1343 485 1380 εἶναι
500 1344 547 1379 τὰ
563 1343 650 1392 περὶ
665 1342 822 1393 βύρσας,
834 1342 948 1381 ὁπότε
964 1342 1175 1392 διαλέγοιτο
1185 1343 1252 1380 καὶ
1267 1341 1557 1388 κατασκευάζοι
1571 1343 1660 1391 περὶ
1674 1347 1740 1379 τοῦ

327 1405 542 1457 ἐπιστήμην
558 1407 715 1457 ἔχοντας
735 1406 934 1456 προσιέναι
947 1406 1089 1452 τούτοις
1108 1411 1183 1451 τοῖς
1205 1406 1427 1457 πράγμασιν
1446 1406 1500 1451 οῖς
1519 1405 1736 1456 προσίασιν.

326 1472 444 1515 οὕτως
466 1470 500 1508 οἱ
523 1470 846 1521 ἐπαγγελλόμενοι
870 1471 992 1508 ὁτιοῦν
1016 1469 1246 1520 πράττειν**
1272 1470 1463 1520 ἀκούομεν
1479 1471 1543 1508 τὸν
1560 1469 1739 1520 μαθόντα

326 1536 373 1571 τὰ
396 1534 549 1585 ἰατρικὰ
569 1535 637 1572 καὶ
658 1536 704 1572 τὰ
727 1536 894 1585 μουσικὰ
915 1533 1084 1586 Δάμωνα
1104 1546 1145 1572 τε
1166 1535 1234 1572 καὶ
1255 1533 1400 1573 Κόννον
1421 1534 1485 1572 τὸν
1506 1533 1736 1585 Μητροβίου.

326 1599 369 1636 οὐ
387 1600 462 1648 γὰρ
476 1597 618 1648 ἡδεῖτο,
635 1599 751 1648 οἶμαι,
771 1598 822 1644 ὡς
840 1599 892 1649 μὴ
907 1599 1171 1649 ἐργασάμενος
1186 1599 1296 1641 αὐτά,
1316 1598 1458 1636 ὁπόταν
1472 1597 1507 1636 οἱ
1519 1597 1610 1643 υἱεῖς
1625 1599 1740 1635 αὐτοῦ

327 1662 616 1712 ἀκροασάμενοι
630 1661 912 1712 Σωκράτους**
928 1664 1019 1713 ἄχρι
1036 1668 1101 1700 νῦν
1119 1664 1205 1700 οὔτε
1227 1663 1267 1699 τὸ
1282 1662 1388 1712 βῆμα
1406 1663 1520 1700 αὐτὸν
1537 1660 1739 1711 τρέφειν**

326 1727 370 1763 οὐ
393 1725 778 1777 κατατετόλμηται**
802 1727 870 1764 καὶ
899 1726 947 1777 δὴ
973 1725 1213 1777 ἐξηρτήσατο
1238 1727 1374 1764 ἑαυτοῦ
1399 1725 1522 1776 ἀλλην
1546 1724 1739 1777 τέχνην**

326 1791 400 1828 κᾶν
425 1790 611 1835 πολλάκις
635 1791 941 1840 περικρύπτηται
960 1790 1213 1842 περιθέμενος
1231 1791 1301 1841 τὴν
1329 1789 1463 1842 ”ᾼδου
1485 1796 1606 1840 κυνῆν
1628 1790 1654 1840 ἢ
1675 1791 1739 1828 τὸν

328 1853 450 1904 Γύγου
470 1854 673 1892 δακτύλιον
691 1856 758 1893 καὶ
777 1854 887 1900 δίκας
904 1854 1100 1905 γράφηται
1121 1859 1197 1900 τοῖς
1219 1855 1258 1893 ἐν
1276 1859 1323 1904 τῇ
1345 1854 1455 1893 πόλει
1475 1868 1480 1873 ·
1501 1854 1550 1904 ζῆ
1567 1855 1644 1904 γὰρ
1663 1854 1739 1892 ἀπὸ

326 1917 620 1968 βυρσοδεψικῆς.
648 1917 713 1956 Ad
736 1918 910 1955 eandem
932 1929 1019 1956 rem
1042 1921 1234 1967 spectant
1258 1917 1386 1955 etiam
1409 1917 1514 1955 aliae
1536 1917 1738 1954 narratio-

325 1981 446 2029 nesl),
463 1984 509 2018 ut
525 1980 707 2019 scholion
723 1981 934 2031 quoddam
950 1981 1003 2018 ad
1018 1980 1202 2019 Platonis
1218 1980 1323 2030 apol.
1346 1980 1450 2024 1813,
1468 1979 1734 2029 Xenophont.

326 2043 431 2093 apol.
465 2043 574 2082 Socr.
606 2046 656 2081 29
672 2056 748 2094 sq.,
786 2044 865 2082 Dio
901 2045 1203 2094 Chrysostomu:
1250 2056 1306 2082 or.
1339 2047 1388 2081 55
1415 2043 1503 2087 fin„
1539 2043 1737 2081 Libanius

326 2107 431 2158 apol.
452 2106 560 2146 Socr.
580 2108 657 2156 (ed.
672 2108 875 2157 Foerster)
892 2108 940 2153 V,
956 2120 994 2158 p.
1011 2110 1061 2146 28
1069 2120 1145 2158 sq„
1162 2120 1244 2158 quo
1258 2107 1346 2146 loco
1361 2110 1488 2158 atque
1501 2106 1543 2145 in
1558 2106 1736 2157 epistula

328 2170 537 2210 Socratica
549 2171 736 2210 Socrates
745 2172 954 2210 inducitur
963 2172 1104 2221 Anyto
1115 2171 1342 2222 quaerenti,
1353 2171 1406 2211 ad
1416 2183 1540 2221 quem
1550 2171 1672 2209 adeat
1682 2171 1735 2209 ad

326 2234 524 2273 virtutem
551 2235 875 2285 perdiscendam,
902 2235 1094 2280 suadens,
1122 2239 1168 2274 ut
1196 2235 1229 2273 is
1257 2235 1329 2286 qui
1354 2234 1509 2273 discere
1536 2234 1636 2273 velit
1664 2234 1737 2273 ali-

326 2289 438 2350 quid,
461 2299 583 2338 adeat
605 2299 658 2338 ad
679 2312 760 2345 eos,
782 2299 854 2351 qui
874 2299 987 2338 illam
1008 2299 1244 2350 opinionem
1264 2299 1556 2339 confiteantur.
1604 2298 1737 2349 Quem

326 2363 379 2401 ad
400 2363 535 2401 locum
557 2363 792 2413 pertineant
814 2363 943 2402 verba
963 2363 1177 2414 epistulae,
1200 2368 1313 2402 certo
1335 2363 1469 2402 dicere
1490 2375 1573 2401 non
1595 2374 1736 2413 possu-

325 2438 428 2466 mus.
469 2426 699 2466 Scholiasta
717 2427 770 2466 ad
789 2427 973 2467 Platonis
992 2428 1224 2479 apologiam
1242 2439 1336 2467 cum
1354 2427 1508 2467 indicet
1527 2431 1738 2466 auctorem

456 2524 488 2565 1)
513 2524 643 2557 Omnes
667 2524 765 2557 locos
788 2524 985 2567 composuit
1008 2524 1173 2562 Dittmar,
1204 2524 1324 2557 Aisch.
1350 2535 1383 2556 v.
1411 2524 1592 2567 Sphettos,
1624 2523 1682 2565 qui
1706 2534 1737 2565 p.

325 2576 365 2608 91
375 2586 426 2618 sq.
453 2576 533 2616 (Ein
547 2577 1055 2620 Anytos-Sokratesgespriieh)
1072 2578 1213 2612 uberius
1230 2578 1372 2612 disserit
1386 2577 1429 2610 de
1445 2587 1616 2617 sermone,
1633 2586 1738 2619 quem

323 2629 485 2662 habuerit
508 2630 669 2664 Socrates
693 2641 774 2663 cum
798 2631 886 2663 irato
912 2631 1044 2674 Anyto.

1501 2684 1540 2715 4*
