2138 3299
846 939 1150 987 Praefatio.

422 1056 625 1107 Epistulae
655 1056 830 1097 Socratis
867 1060 905 1096 et
933 1055 1227 1096 Socraticorum
1266 1056 1406 1106 paucis
1436 1060 1590 1095 tantum
1623 1056 1704 1095 edi-

293 1121 474 1162 tionibus
502 1121 710 1172 evulgatae
740 1123 844 1160 sunt.
897 1120 1000 1160 Nam
1031 1120 1253 1160 editionem
1284 1120 1433 1160 Leonis
1461 1119 1605 1169 Allatii,
1636 1121 1704 1170 qui

294 1187 445 1237 primus
473 1185 667 1236 epistulas
696 1189 812 1225 antea
846 1196 930 1225 non
961 1185 1093 1225 editas
1122 1196 1264 1235 graece
1295 1185 1420 1224 edidit
1448 1189 1487 1224 et
1516 1185 1704 1236 interpre-

292 1254 397 1290 tatus
436 1252 495 1290 est
533 1250 571 1288 in
613 1250 728 1295 libro,
770 1249 839 1300 qui
879 1249 1105 1289 inscribitur
1138 1248 1346 1296 „Socratis,
1382 1248 1632 1289 Antisthenis
1667 1254 1705 1288 et

292 1314 460 1354 aliorum
482 1313 774 1354 Socraticorum
796 1313 1002 1364 epistolae,
1035 1313 1193 1353 Parisiis
1217 1313 1357 1360 1637“,
1388 1325 1539 1363 magno
1569 1314 1701 1364 spatio

292 1378 496 1418 interiecto
526 1382 662 1417 secuta
692 1379 750 1416 est
771 1377 895 1417 editio
915 1377 1087 1417 =loannis
1108 1377 1283 1417 Conradi
1305 1377 1430 1417 Orelli
1453 1389 1562 1417 anno
1589 1377 1701 1424 1815,
1731 1407 1735 1409 -

291 1454 395 1493 quae
424 1442 581 1481 titulum
611 1453 705 1492 prae
741 1452 784 1481 se
814 1441 886 1481 fert
919 1441 1117 1487 „Socratis
1153 1446 1191 1481 et
1220 1441 1527 1488 Socraticorum,
1557 1441 1701 1493 Pytha-

291 1517 415 1556 gorae
454 1510 492 1545 et
531 1505 875 1557 Pythagoreorum
917 1516 1021 1555 quae
1063 1504 1241 1544 feruntur
1280 1505 1515 1555 epistolae“,
1555 1505 1701 1555 cuique

292 1581 374 1609 non
407 1569 532 1609 modo
561 1569 785 1609 versionem
814 1568 977 1608 latinam
1009 1572 1130 1619 atque
1160 1569 1380 1619 permultas
1417 1569 1702 1609 adnotationes

291 1633 557 1682 doctissimaS,
586 1632 659 1673 sed
680 1633 798 1673 etiam
824 1632 996 1673 virorum
1027 1632 1337 1673 clarissimorum
1358 1632 1505 1680 Allatii‚
1535 1632 1701 1681 Stanlei‚

290 1697 452 1746 Olearii,
482 1697 787 1744 Hemsterhusii‚
808 1697 1118 1748 Wyttenbachii‚
1148 1698 1315 1745 Bentlei,
1346 1698 1505 1745 Bremii,
1535 1698 1701 1738 Valcke-

291 1763 389 1802 narii
410 1762 662 1813 aliorumque
691 1762 1078 1809 animadversiones,
1101 1762 1416 1809 dissertationes,
1448 1762 1498 1801 de
1519 1762 1702 1813 epistulis

289 1827 464 1867 Socratis
494 1830 533 1865 et
552 1825 846 1865 Socraticorum
879 1826 1024 1865 iudicia
1046 1826 1196 1872 adfixit,
1226 1831 1268 1866 ut
1294 1827 1413 1865 etiam
1444 1826 1566 1865 hodie
1595 1838 1702 1876 opus

290 1890 605 1941 haudquaquam
638 1889 939 1941 neglegendum
980 1889 1118 1940 magni
1148 1890 1261 1941 pretii
1290 1890 1351 1930 sit.
1408 1889 1496 1930 Jam
1527 1889 1702 1930 Orellius

290 1966 434 1995 omnes
463 1965 567 2005 quae
597 1956 806 1994 exstabant
841 1954 1034 2004 epistulas
1072 1965 1236 2004 graecas
1273 1955 1461 2005 colligere
1491 1955 1532 1994 in
1562 1955 1699 1994 animo

290 2018 477 2065 habebat,
508 2019 579 2057 sed
610 2018 708 2057 nihil
729 2018 804 2057 nisi
834 2018 1006 2069 primum
1027 2020 1197 2064 tomum,
1229 2019 1267 2057 in
1290 2030 1372 2069 quo
1394 2019 1483 2058 illae
1504 2019 1699 2068 epistulae

287 2079 488 2135 leguntur,
527 2083 566 2122 in
606 2082 736 2122 lucem
776 2082 969 2133 prodidit;
1014 2085 1133 2134 atque
1171 2095 1262 2123 cum
1301 2083 1503 2124 Antonius
1531 2083 1699 2124 Wester-

289 2158 463 2187 mannus
512 2147 552 2185 in
594 2147 1008 2187 commentationibus
1047 2148 1097 2186 de
1139 2148 1398 2199 epistularum
1439 2149 1700 2198 scriptoribus

288 2212 442 2264 graecis
471 2212 594 2263 (Lips.
615 2212 755 2252 1851·-
772 2211 841 2263 55)
872 2212 921 2252 de
945 2213 1194 2263 argumentis
1221 2212 1505 2253 tantummodo
1526 2211 1700 2252 referens

287 2287 372 2316 non
402 2278 652 2316 enumeraret
681 2275 758 2316 nisi
788 2286 871 2323 eos,
901 2276 1051 2327 quibus
1080 2288 1103 2315 a
1124 2276 1355 2327 quibusque
1385 2276 1580 2327 epistulae
1611 2278 1698 2315 mit-

286 2342 472 2387 terentur,
503 2340 686 2381 omniurn
709 2340 967 2391 epistularum
990 2340 1269 2381 collectionem
1301 2344 1454 2391 praeter
1483 2351 1563 2388 eas,
1593 2351 1697 2392 quae

287 2405 452 2456 papyris
491 2404 658 2444 traditae
698 2408 803 2452 sunt,
843 2404 1042 2445 debemus
1080 2405 1201 2445 hodie
1240 2416 1361 2444 unam
1392 2409 1431 2444 et
1458 2405 1587 2444 solam
1619 2404 1697 2444 Ru-

287 2469 444 2519 dolpho
474 2468 662 2516 Hercher,
693 2469 761 2519 qui
791 2469 892 2509 libro
921 2479 1010 2516 suo,
1041 2469 1109 2520 qui
1139 2469 1351 2520 inscriptus
1381 2471 1440 2508 est
1472 2467 1697 2519 „Epistolo-

287 2532 429 2583 graphi
459 2532 604 2582 graeci,
634 2531 793 2571 Parisiis
813 2543 847 2571 a.
873 2532 1009 2579 1873,“
1044 2531 1348 2572 adnotationem
1379 2532 1555 2573 criticam
1585 2544 1696 2583 prae-

287 2596 405 2636 misit.
473 2595 649 2635 Socratis
694 2597 733 2635 et
772 2594 1067 2636 Socraticorum
1115 2596 1309 2646 epistulas
1355 2596 1537 2636 invenies
1577 2596 1697 2636 huius

287 2659 476 2700 editionis
505 2670 603 2711 pgg.
625 2659 703 2700 609
713 2670 801 2711 sqq.
