2138 3299
941 324 1207 364 -80-

365 454 466 492 haec
508 452 679 504 epistula
723 452 821 491 nihil
864 452 972 492 aliud
1018 450 1095 489 nisi
1140 453 1517 493 commentariolum
1567 455 1617 493 ad
1661 456 1786 495 verba

363 517 561 568 epistulae
583 528 688 568 quae
711 516 927 563 antecedit,
953 516 986 555 εἰ
1010 516 1062 567 μὴ
1090 516 1227 567 γίνοιτο
1247 517 1341 567 παρ’
1366 517 1453 568 ὑμῖν
1478 516 1671 568 ἀνήμερόν
1698 531 1732 556 τι
1756 518 1782 568 ἢ

366 581 419 631 μὴ
440 579 673 630 φιλάδελφον
699 593 786 620 esse
809 581 981 622 videtur.
1006 605 1058 610 —
1081 582 1268 621 Fortasse
1291 582 1359 634 qui
1382 582 1597 634 epistulam
1622 585 1670 622 30
1690 595 1783 621 con-

363 644 578 696 scripserit,
607 649 772 684 auctore
789 658 884 684 usus
910 650 972 685 est
991 646 1176 698 Carystio
1199 647 1457 697 Pergameno,
1486 646 1555 698 qui
1577 645 1783 686 verbosius

365 709 415 750 de
449 710 526 749 hac
559 722 602 748 re
636 710 794 749 locutus
827 714 927 749 erat.

500 773 648 812 Totam
665 784 753 812 rem
769 773 857 812 sine
874 772 1001 813 dubio
1019 786 1103 812 non
1119 774 1466 814 contemnendam
1484 773 1541 812 sic
1559 773 1779 812 illustrem:

368 837 487 876 Plato
508 837 727 888 imperium
748 837 925 888 Philippi
955 838 1276 877 confirmaverat
1306 839 1390 889 (τὴν
1412 840 1539 890 ἀρχὴν
1568 844 1636 890 τῆς
1657 840 1783 891 ἀρχῆς

367 904 753 948 κατασκευάσαντος)
784 901 1001 942 Perdiccae
1026 902 1276 952 persuadens
1306 906 1353 940 ut
1382 902 1572 953 Philippo
1601 902 1783 954 aliquam

365 965 477 1016 regni
509 969 672 1016 partem
704 966 878 1006 cederet.
946 965 1032 1004 Illic
1064 965 1203 1016 copias
1236 965 1348 1004 alens
1380 965 1655 1006 fundamenta
1685 966 1782 1005 iecit

365 1028 585 1080 potestatis
613 1041 712 1068 suae
740 1029 965 1080 Philippus
1021 1029 1213 1081 Epistula
1242 1032 1289 1068 31
1318 1029 1420 1067 ficta
1446 1033 1510 1068 est
1537 1034 1584 1068 ut
1611 1030 1780 1081 scriptio

363 1094 570 1145 quaedam
590 1094 643 1133 ad
664 1093 901 1145 Philippum
921 1094 1034 1141 data,
1049 1098 1272 1145 postquam
1287 1094 1399 1145 regni
1413 1099 1575 1145 partem
1586 1094 1778 1146 suscepit,

364 1157 407 1196 in
432 1170 517 1209 qua
544 1158 663 1196 Plato
691 1170 787 1196 eum
813 1159 1072 1203 adhortatur,
1101 1170 1153 1196 ne
1179 1157 1364 1209 ingratus
1391 1158 1446 1196 sit
1472 1171 1567 1210 erga
1593 1158 1777 1197 fratrem.

367 1222 478 1261 Num
511 1222 724 1273 Philippus
756 1222 839 1261 iam
870 1226 971 1262 tunc
1003 1222 1178 1262 crudelis
1210 1222 1347 1268 fuerit,
1380 1222 1595 1269 nescimus,
1628 1224 1699 1264 sed
1729 1235 1780 1262 ex

364 1286 498 1324 verbis
527 1298 589 1336 ep.
612 1289 660 1324 30
690 1287 753 1325 διὰ
781 1287 912 1332 τέλους
940 1287 1121 1338 χαλεπῶς
1149 1287 1328 1337 φέροντος
1355 1288 1432 1325 hoc
1461 1287 1643 1325 conicere
1670 1287 1777 1325 licet.

365 1349 471 1388 Sane
507 1354 649 1388 autem
683 1350 784 1388 haec
820 1350 947 1390 verba
985 1353 1075 1401 (pro
1112 1352 1176 1389 διὰ
1202 1350 1333 1396 τέλους
1368 1350 1586 1402 legendum
1614 1349 1778 1391 videtur

363 1414 561 1461 διατελῶς)
590 1414 803 1454 referenda
831 1419 950 1452 erant
979 1415 1032 1454 ad
1060 1414 1212 1452 scelera
1241 1418 1335 1464 post
1363 1414 1580 1454 Perdiccae
1603 1418 1779 1452 mortem

364 1489 389 1516 a
411 1477 602 1529 Philippo
623 1477 852 1517 commissa.
903 1478 1039 1529 Quam
1061 1478 1114 1518 ob
1137 1490 1224 1516 rem
1247 1478 1463 1517 Platonem
1485 1476 1612 1516 etiam
1634 1481 1779 1529 postea

362 1542 489 1581 verba
507 1542 650 1580 fecisse
668 1542 709 1581 in
724 1542 909 1593 epistulis
929 1543 981 1582 ad
1001 1555 1138 1594 regem
1153 1543 1262 1583 datis
1276 1542 1467 1582 arbitrari
1482 1555 1710 1593 possumus„
1727 1565 1777 1572 --

493 1607 557 1646 Ad
591 1606 718 1647 verba
753 1619 860 1658 quae
888 1611 1074 1645 extrema
1110 1607 1368 1658 paragrapho
1403 1607 1593 1657 leguntur
1619 1608 1682 1646 ἐπὶ
1710 1609 1778 1658 μὲν

361 1673 437 1722 γὰρ
473 1671 746 1722 Ἀμφιπόλεώς
781 1685 898 1722 φησιν
934 1672 1110 1710 κωλῦσαι
1142 1672 1211 1721 τῆν
1247 1671 1456 1722 γενομένην
1493 1671 1649 1722 εἰρήνην
1684 1672 1778 1722 γρά-

361 1735 431 1785 ψαι
450 1735 563 1787 λόγον
584 1736 680 1787 ὑπὲρ
701 1741 769 1786 τῆς
795 1734 1034 1787 Ἡρακλέους
1056 1736 1280 1782 ἀθανασίας
1305 1735 1441 1775 Obens
1463 1734 1777 1775 animadvertit:

363 1800 492 1844 „haec
524 1800 651 1838 verba
681 1803 869 1850 spectare
901 1800 955 1839 ad
986 1800 1211 1840 secundam
1243 1799 1549 1850 paragraphum
1581 1799 1777 1838 orationis

360 1863 413 1903 ad
432 1862 670 1914 Philippum
688 1863 850 1909 missae,
870 1863 913 1902 in
930 1876 1013 1915 qua
1032 1863 1135 1904 dicit
1151 1875 1195 1901 se
1212 1863 1318 1903 bello
1337 1862 1388 1903 de
1406 1862 1643 1914 Amphipoli
1660 1867 1777 1914 gesto

358 1928 585 1979 suscepisse
615 1929 666 1968 de
696 1928 765 1967 illa
797 1929 897 1968 urbe
927 1933 970 1967 et
1001 1932 1111 1967 terra
1142 1928 1330 1973 scribere,
1361 1932 1404 1966 et
1435 1931 1602 1978 propter
1633 1940 1776 1979 pacem

358 1992 515 2031 factam
533 2004 576 2030 se
594 1991 824 2031 orationem
842 2005 926 2031 non
943 1991 1162 2031 edidisse.“
1200 1992 1343 2043 Neque
1361 1991 1448 2031 iure
1466 1991 1599 2043 pergit
1617 1991 1773 2030 dicens:

361 2056 472 2101 „Sed
502 2057 729 2096 Isocratem
757 2057 808 2096 de
835 2056 1154 2096 immortalitate
1182 2055 1369 2095 Herculis
1397 2056 1572 2095 scribere
1600 2055 1776 2094 voluisse

358 2120 520 2160 invenit
544 2121 732 2166 rhetor“;
760 2134 857 2159 nam
883 2121 962 2160 alio
987 2121 1075 2160 loco
1100 2122 1152 2162 de
1176 2121 1253 2159 hoc
1279 2120 1490 2172 proposito
1514 2120 1624 2161 idem
1649 2119 1776 2160 verba

358 2185 472 2230 facit,
500 2185 544 2223 in
561 2184 697 2235 eapite
719 2188 777 2223 12.
816 2186 976 2230 Restat,
1007 2190 1055 2224 ut
1072 2189 1295 2236 utrumque
1312 2185 1447 2223 locum
1465 2184 1772 2236 coniungamus.

493 2250 723 2301 Postquam
745 2249 910 2289 uberius
932 2249 983 2289 de
1004 2249 1066 2288 his
1088 2249 1209 2289 rebus
1231 2248 1550 2300 disputavimus,
1573 2253 1772 2299 superest,

358 2318 406 2352 ut
431 2313 658 2354 iudicemus
685 2313 853 2364 quando
879 2326 903 2351 a
928 2326 1092 2365 quoque
1118 2313 1295 2365 epistula
1320 2312 1553 2364 conscripta
1578 2313 1649 2359 sit;
1677 2325 1775 2352 nam

357 2391 409 2417 ex
437 2378 642 2423 omnibus,
673 2390 780 2429 quae
809 2377 1038 2423 attulimus,
1069 2382 1262 2429 apertum
1289 2382 1354 2417 est
1384 2377 1660 2429 Speusippum
1687 2377 1774 2416 eius

358 2441 470 2482 modi
491 2441 652 2480 litteras
673 2441 850 2480 scribere
872 2454 956 2480 non
977 2442 1170 2493 potuisse,
1194 2441 1348 2493 quippe
1369 2454 1464 2482 cum
1487 2442 1619 2480 multa
1640 2453 1774 2492 neque

356 2506 400 2545 in
419 2505 657 2556 Philippum
675 2518 809 2557 neque
827 2505 870 2544 in
891 2506 1166 2557 Speusippum
1184 2507 1388 2558 quadrare
1407 2505 1628 2546 videantur
1646 2509 1774 2557 atque

356 2570 490 2609 multa
521 2574 752 2615 occurrant,
785 2569 934 2621 quibus
965 2574 1201 2622 temporum
1231 2571 1332 2610 ordo
1364 2582 1447 2608 non
1476 2573 1665 2608 servatus
1695 2574 1770 2609 est.

357 2635 450 2674 Huc
478 2634 651 2680 accedit,
680 2635 792 2686 quod
819 2635 1017 2674 nonnulla
1044 2635 1259 2681 vocabula,
1288 2646 1395 2686 quae
1421 2633 1465 2674 in
1490 2633 1667 2686 epistula
1693 2634 1771 2674 hac
