2138 3299
316 517 463 562 sutore,
493 513 703 564 Diogenes
722 514 897 554 Laertius
925 513 1082 562 tradit¹)
1112 513 1301 554 Periclem
1324 513 1483 554 Simoni
1506 514 1729 565 pollicitum

317 590 405 619 esse
435 590 478 619 se
508 589 602 618 eum
631 577 743 619 domi
772 590 871 620 suae
901 581 1150 630 recepturum
1180 581 1299 630 atque
1330 580 1365 618 ei
1395 579 1542 619 victum
1575 578 1730 630 praebi-

316 644 447 682 turum
469 653 558 682 esse
567 641 613 692 ²),
641 653 689 682 ex
709 653 791 693 quo
811 643 1025 683 verisimile
1046 647 1106 683 est
1125 642 1328 691 Periclem,
1348 643 1568 694 Xanthippi
1588 643 1730 689 filium,

318 719 356 747 re
386 719 476 748 vera
506 706 825 758 intellegendum
855 718 957 747 esse.
994 707 1143 748 Melius
1171 708 1288 755 bella,
1345 719 1448 759 quae
1479 718 1729 748 commemo-

317 775 461 819 rantur,
492 771 708 810 referantur
736 771 786 810 ad
818 771 1022 818 Periclem,
1051 771 1179 811 filium
1210 771 1370 810 Periclis
1401 772 1620 820 (Kirchner,
1650 772 1673 810 l.
1696 783 1728 810 c.

314 835 355 883 11,
375 835 579 884 s.11812)‚
600 835 683 887 qui,
705 837 823 875 natus
838 847 873 875 a.
890 835 980 883 445,
996 839 1327 887 praetorcreatus
1348 847 1382 876 a.
1405 834 1541 885 407s6,
1563 846 1726 887 pugnae

318 900 369 939 ad
389 898 611 950 Arginusas
641 899 882 940 commissae
913 900 1095 940 intererat
1124 912 1158 939 a.
1182 899 1303 950 406s5
1333 901 1511 948 ineunte,
1542 901 1592 940 de
1614 901 1729 940 cuius

315 975 407 1004 cum
443 963 607 1005 Socrate
645 964 707 1004 vel
744 963 1223 1021 Simonetfamiliaritatffi
1261 966 1455 1016 quantum
1493 965 1591 1012 scio,
1629 965 1727 1004 nihil

315 1033 483 1068 constat.
549 1028 676 1068 Ceteri
717 1039 894 1079 quoque,
936 1029 1004 1079 qui
1045 1029 1316 1075 nominantur,
1359 1034 1499 1079 postea
1540 1030 1725 1069 floruisse

315 1092 510 1131 videntur.

445 1156 759 1208 Comprehendo
780 1167 840 1205 ea,
870 1167 975 1208 quae
996 1167 1115 1208 supra
1137 1156 1357 1208 disputavi:
1388 1156 1503 1196 Certa
1534 1156 1611 1196 dici
1643 1168 1727 1196 non

316 1223 499 1271 possunt,
528 1221 600 1260 sed
630 1220 843 1260 verisimile
865 1224 925 1260 est
955 1221 1045 1260 illos
1072 1220 1141 1271 qui
1171 1221 1247 1260 hac
1275 1221 1446 1271 epistula
1476 1221 1729 1271 appellantur

315 1285 422 1325 viros
443 1285 591 1325 Pericle
619 1289 792 1336 excepto
823 1285 862 1325 in
885 1285 1051 1336 dialogo
1074 1284 1267 1337 quodam,
1299 1297 1381 1336 quo
1411 1284 1525 1326 Simo
1555 1285 1728 1336 loquens

317 1349 592 1397 inducebatur,
631 1350 707 1389 nisi
737 1350 944 1401 colloquio
977 1350 1051 1400 ipsi
1082 1350 1356 1396 interfuerunt,
1387 1354 1728 1390 commemoratos

315 1424 415 1453 esse.
466 1413 584 1462 Quae
614 1414 712 1454 ratio
741 1413 858 1454 fuerit
886 1414 1032 1454 sutoris
1061 1418 1182 1465 atque
1212 1414 1440 1454 auditorum
1472 1425 1626 1461 eorum,
1657 1415 1724 1464 qui

316 1477 377 1516 his
397 1477 533 1517 litteris
553 1478 824 1526 nominantur,
855 1478 1145 1528 suspicandum
1172 1482 1243 1524 est,
1274 1478 1342 1528 qui
1364 1477 1724 1517 Alexandrinorum

315 1545 442 1581 aetate
472 1541 571 1582 vitas
592 1545 919 1593 composuerunt,
951 1541 1120 1592 plurima
1148 1541 1327 1589 finxisse,
1359 1546 1401 1581 ut
1430 1542 1549 1581 etiam
1571 1541 1723 1581 Socrati

316 1606 502 1657 permulti
531 1606 718 1657 adscripti
755 1608 849 1646 sunt
878 1605 1077 1657 discipuli.
1127 1605 1256 1645 Simul
1286 1609 1420 1646 autem
1452 1607 1527 1645 hac
1555 1606 1726 1657 epistula

316 1671 612 1721 comprobatur,
650 1670 763 1721 quod
793 1671 871 1710 iam
909 1670 975 1710 alii
1005 1682 1143 1710 secum
1173 1669 1400 1718 tulerant⁸)‚
1438 1670 1741 1721 antiquissimis,

315 1734 394 1773 iam
425 1734 676 1785 temporibus
705 1734 906 1774 eiusmodi
937 1734 1115 1785 magistri
1151 1745 1242 1774 cum
1274 1734 1482 1785 discipulis
1512 1736 1725 1774 consuetu-

315 1797 431 1838 dines
451 1802 569 1849 atque
600 1798 760 1838 scholas
783 1798 906 1839 fuisse
927 1803 1018 1838 ante
1040 1798 1245 1838 Socratem
1266 1798 1415 1846 vivum,
1445 1799 1556 1849 quod
1580 1802 1725 1838 testan-

314 1866 376 1901 tur
405 1862 508 1901 duae
540 1863 719 1913 διαδοχαί
748 1873 876 1912 nuper
904 1863 1067 1913 papyris
1096 1862 1329 1909 emersae4).

368 1980 404 2018 6.
435 1978 661 2019 Socratis
694 1979 986 2019 familiares.
1042 1979 1323 2019 Aeschines
1352 1979 1667 2019 Socraticus.

443 2052 738 2105 Quaecumque
775 2053 1094 2104 epistolographi
1124 2053 1328 2104 proferunt
1364 2053 1414 2092 de
1443 2054 1521 2092 vita
1551 2055 1589 2092 et
1617 2055 1723 2092 sorte

315 2122 534 2157 ceterorum
566 2117 741 2158 Socratis
775 2117 1042 2164 familiarium,
1080 2129 1228 2168 magna
1258 2129 1307 2157 ex
1338 2120 1447 2168 parte
1483 2116 1593 2168 apud
1621 2118 1723 2158 alios

314 2181 527 2233 scriptores
556 2186 708 2222 veteres
737 2182 969 2233 reperimus.
1005 2181 1177 2221 Multum
1208 2193 1355 2233 operae
1385 2186 1725 2233 consumpserunt

314 2246 354 2284 in
384 2245 596 2286 Aeschinis
625 2246 816 2286 Socratici
846 2257 1020 2297 persona
1051 2246 1328 2294 describenda,
1359 2246 1428 2297 qui
1457 2246 1724 2286 amicissimus

447 2331 477 2371 l)
502 2330 539 2361 II
559 2331 634 2363 123.

443 2384 478 2424 2)
502 2382 572 2416 vid.
598 2394 676 2426 pag.
705 2384 758 2421 20,
793 2386 972 2426 praeterea
1004 2383 1047 2418 of.
1076 2383 1303 2427 Rudolphum
1333 2383 1462 2424 Hirzel,
1492 2383 1563 2416 Der
1585 2383 1723 2426 Dialog.

313 2437 341 2474 Ι,
367 2447 398 2479 p.
420 2438 494 2474 104,
518 2437 598 2469 adn.
615 2439 647 2470 3.

447 2491 481 2532 3)
507 2490 757 2528 Wilamowitz‚
782 2491 982 2533 Antigonos
1006 2502 1040 2524 v.
1065 2491 1239 2534 Karystos
1266 2491 1405 2532 (Philol.
1423 2491 1636 2525 Untersuch.
1664 2491 1722 2524 IV.

317 2546 429 2587 1880),
459 2556 490 2587 p.
511 2546 586 2578 280.
636 2545 678 2577 H.
707 2545 812 2582 Diels,
836 2545 966 2577 Philos.
991 2545 1172 2585 Aufs'aitze,
1205 2545 1346 2577 Eduard
1379 2545 1494 2578 Zeller
1521 2545 1721 2588 gewidmet,

317 2599 415 2637 1887,
440 2610 471 2641 p.
492 2599 618 2642 242sq.

443 2655 479 2693 4)
503 2652 546 2686 ef.
561 2652 777 2685 Guilelmum
792 2652 970 2690 Groenem
989 2652 1139 2686 Kolotes
1151 2664 1186 2686 u.
1201 2653 1441 2694 Menedemos,
1459 2654 1555 2686 1906.
1575 2652 1720 2685 Studien

314 2717 376 2737 zur
400 2706 674 2749 Palaeographie
701 2717 734 2738 u.
758 2705 1121 2750 Papyrusforsehung,
1144 2707 1239 2749 hrsg.
1267 2718 1301 2739 v.
1328 2707 1501 2750 Wessely,
1527 2709 1557 2739 6.
1578 2705 1639 2738 Bd.
