2138 3299
957 319 1117 359 -86
1174 341 1228 348 ..-

388 453 534 492 eadem
556 456 598 490 et
622 451 741 502 plura
764 450 845 488 alia
868 448 1111 493 afferantur,
1135 459 1244 498 quae
1267 447 1318 486 ad
1344 446 1553 486 neminem
1576 447 1704 486 alium
1725 446 1807 486 nisi

385 516 439 556 ad
463 515 639 556 Dionem
652 517 857 568 spectant.
879 512 1107 564 Utriusque
1120 515 1325 563 epist-ulae
1340 518 1484 554 auctor
1501 511 1625 552 Dioni
1639 511 1804 565 suadet,

385 586 433 620 ut
454 585 602 620 caveat
625 581 842 632 σεμνότητα
857 585 900 618 et
918 574 1148 631 αὗθάδειαν,
1170 596 1278 637 quae
1297 581 1454 621 indoles
1474 576 1619 617 Dionis
1639 575 1806 627 propria

388 649 490 686 erat.
545 644 658 685 Nihil
684 645 810 698 igit-ur
836 646 992 693 obstat,
1020 650 1241 702 quominus
1268 648 1320 689 ad
1348 645 1525 687 Dionem
1550 644 1651 683 haec
1677 638 1806 682 verba

388 710 515 750 missa
543 714 752 761 putemus.

440 776 442 778 ’
522 774 637 813 Alter
661 774 787 820 loeus,
814 788 939 826 quem
964 777 1102 817 Ritter
1127 780 1180 817 ad
1205 775 1452 827 Dionysium
1475 771 1605 823 magis
1628 769 1804 809 referen-

388 838 489 878 dum
508 850 595 876 esse
615 837 734 883 dixit,
755 843 819 877 est
838 839 921 878 hic:
945 842 1020 891 ἐγὼ
1042 843 1084 880 δὲ
1101 844 1205 881 οὔπω
1227 855 1271 880 σε
1288 839 1493 892 μιμνήᾳκω
1514 842 1583 887 τῆς
1603 833 1806 883 ἐπιστολῆς

387 903 435 952 ἣν
473 902 647 952 ἔγραψας
681 904 777 953 πρὸς
814 903 894 954 ἐμέ,
938 905 995 943 ὅτι
1031 906 1147 951 αἴτιος
1183 906 1264 955 εἴην
1302 905 1378 955 ἐγὼ
1416 908 1481 941 τοῦ
1520 899 1807 951 ἐπιμεληθῆναι

388 967 456 1016 τὴν
485 965 623 1015 πρᾶξιν
659 967 803 1016 ταύτην
840 969 907 1005 καὶ
943 969 995 1019 μὴ
1026 970 1230 1019 ἀνεθῆναι,
1268 969 1337 1006 καὶ
1374 968 1469 1017 ἔφης
1505 964 1637 1008 καλῶς
1672 966 1805 1007 ποιεῖν,

387 1031 419 1068 εἰ
446 1031 514 1068 καὶ
543 1031 656 1075 αὐτὸς
685 1031 894 1082 ἀνεχοίμην
924 1032 1087 1083 ἀπορίας
1121 1034 1189 1071 καὶ
1217 1030 1503 1083 πραγματείας;
1543 1038 1651 1080 quae
1678 1025 1808 1065 verba

389 1092 528 1133 Ritter
563 1093 773 1133 declarare
807 1098 981 1134 conatus
1015 1099 1080 1135 est
1113 1095 1186 1143 ita,
1223 1099 1271 1135 ut
1305 1093 1528 1145 Dionysius
1562 1088 1806 1143 philosopho

387 1157 548 1198 crimini
592 1157 785 1204 dedisset,
830 1160 942 1210 quod
988 1160 1164 1200 Dionem
1208 1159 1439 1204 adiuvaret,
1485 1161 1613 1208 atque
1653 1152 1807 1194 ironice

389 1221 752 1263 animadvertisset
786 1235 830 1262 se
867 1223 1075 1271 delectari,
1111 1224 1146 1263 si
1184 1223 1436 1276 Speusippus
1471 1221 1558 1274 ipse
1591 1219 1807 1259 interesset

389 1286 599 1326 laboribus
628 1291 671 1325 et
699 1287 967 1338 expeditioni,
998 1303 1083 1340 qua
1110 1303 1154 1328 re
1185 1287 1404 1341 Speusippi
1433 1286 1614 1330 morbus,
1644 1284 1696 1323 de
1723 1295 1807 1334 quo

388 1351 473 1391 iam
494 1350 622 1390 locuti
643 1363 800 1398 sumus,
824 1356 1052 1392 notaretur.
1097 1355 1155 1393 At
1176 1364 1437 1405 quaeramus,
1460 1362 1563 1390 num
1583 1346 1806 1399 Dionysius

391 1415 621 1466 Speusippo
640 1415 821 1455 scribens
843 1429 938 1456 usus
957 1417 1082 1457 suerit
1100 1418 1186 1457 eius
1206 1417 1318 1458 modi
1337 1415 1485 1456 verbis.
1523 1413 1692 1453 Minime
1709 1423 1807 1451 vero

389 1483 510 1531 puto:
544 1479 588 1518 in
616 1479 796 1530 epistula
828 1484 890 1526 36,
922 1494 1008 1532 qua
1038 1481 1261 1533 Dionysius
1295 1479 1525 1533 Speusippo
1555 1475 1806 1529 respondens

389 1543 614 1589 inducitur,
641 1543 725 1595 regi
755 1544 985 1584 Siculorum
1011 1546 1143 1585 multo
1170 1545 1250 1584 alia
1275 1543 1584 1584 vehementiora
1608 1545 1652 1580 et
1677 1538 1807 1591 magis

390 1606 546 1647 ironica
564 1608 693 1647 verba
711 1607 1011 1648 attribuuntur.
1050 1610 1217 1648 Praeter
1235 1609 1313 1648 hoc
1332 1621 1357 1647 a
1373 1620 1471 1648 vero
1489 1619 1574 1646 non
1591 1605 1809 1645 abhorrere

391 1671 557 1712 videtur
568 1671 846 1723 Speusippum
859 1673 934 1711 has
947 1672 1107 1712 litteras
1121 1672 1370 1712 scribentem
1383 1671 1504 1712 valde
1516 1670 1671 1709 iratum
1684 1667 1809 1707 fuisse

391 1740 519 1788 atque
538 1735 754 1776 inmitibus
775 1736 911 1776 verbis
932 1737 984 1777 de
1005 1737 1149 1777 Dionis
1170 1736 1353 1777 moribus
1373 1733 1621 1787 corrigendis
1640 1737 1684 1773 et
1705 1733 1807 1772 Aca-

389 1800 549 1840 demiae
570 1800 821 1840 auctoritate
843 1802 1129 1841 conservanda
1150 1802 1278 1841 verba
1299 1800 1454 1840 fecisse.
1499 1800 1638 1851 Atque
1657 1797 1692 1837 si
1713 1809 1809 1836 cum

390 1863 555 1904 Rittero
580 1864 912 1904 existimaremus
939 1866 1068 1905 verba
1093 1878 1201 1917 quae
1227 1865 1280 1906 ad
1306 1865 1491 1904 scholam
1517 1860 1808 1903 Academicam

387 1932 596 1978 spectant,
623 1929 676 1968 ad
702 1928 949 1979 Dionysium
972 1929 1187 1969 referenda
1211 1942 1310 1975 esse,
1337 1929 1449 1968 nullo
1473 1928 1598 1968 modo
1621 1925 1809 1965 excusari

389 1996 529 2043 posset
541 1992 818 2044 Speusippum
831 1993 909 2032 hac
922 1993 1084 2033 ratione
1096 1993 1260 2033 scholae
1272 1991 1544 2034 Academioae
1555 1991 1810 2031 obtrectasse

389 2057 675 2098 blandientem
698 2057 788 2097 viro
812 2057 1092 2099 inimicissimo
1116 2062 1244 2110 atque
1267 2055 1676 2101 maledicentissimo;
1702 2066 1810 2106 quae

390 2133 486 2161 cum
525 2120 762 2160 verisimilia
801 2121 969 2160 omnino
1008 2135 1094 2161 non
1130 2122 1227 2168 sint,
1274 2121 1450 2161 Dionem
1488 2119 1810 2171 intellegendum

390 2197 490 2230 esse,
514 2185 567 2225 ad
588 2197 714 2236 quem
735 2185 875 2223 omnia
894 2185 1016 2224 huius
1036 2186 1239 2237 epistulae
1259 2186 1387 2225 verba
1406 2185 1556 2224 referre
1576 2194 1807 2235 possumus,

390 2252 503 2288 certo
519 2248 597 2289 dici
616 2252 766 2299 potest.
799 2249 990 2288 Fortasse
1006 2249 1085 2289 Dio
1099 2250 1143 2290 in
1158 2249 1306 2290 litteris
1321 2250 1375 2290 ad
1394 2248 1670 2301 Speusippum
1685 2245 1808 2292 datis,

389 2313 541 2365 quibus
572 2313 690 2353 illum
720 2317 932 2353 auctorem
963 2327 1050 2354 esse
1079 2313 1355 2366 expeditionis
1386 2317 1532 2353 contra
1563 2310 1810 2363 Dionysium

390 2378 527 2417 factae
548 2377 792 2429 protulerat,
814 2390 859 2416 se
877 2378 1067 2430 gavisum
1086 2390 1174 2418 esse
1194 2377 1369 2424 dixerat,
1391 2377 1425 2417 si
1448 2375 1701 2429 Speusippus
1722 2374 1811 2427 ipse

392 2443 498 2482 bello
529 2442 796 2488 interfuisset,
829 2441 853 2481 i.
886 2455 921 2481 e.
952 2442 1201 2494 germanice:
1242 2443 1316 2482 Ich
1345 2443 1465 2481 hatte
1495 2441 1605 2481 mich
1633 2440 1808 2492 gefreut,

390 2518 511 2546 wenn
526 2505 595 2545 Du
610 2518 665 2545 an
679 2506 858 2545 meinem
876 2506 1027 2559 Sieges·
1044 2507 1131 2549 und
1147 2507 1368 2559 Rachezug
1382 2506 1544 2546 hattest
1558 2504 1811 2544 teilnehmen

390 2572 559 2610 konnen
586 2571 673 2611 und
702 2570 780 2609 mir
809 2571 896 2611 Rat
923 2572 1009 2612 und
1038 2571 1239 2612 Beistand
1266 2582 1453 2622 gewesen
1478 2571 1638 2608 warest·.
1698 2568 1811 2608 Num

390 2634 491 2673 haec·
519 2633 649 2674 verba
676 2633 913 2685 pertineant
941 2634 994 2675 ad
1024 2634 1242 2687 Speusippi
1270 2634 1475 2681 morbum,
1502 2633 1616 2674 haud
1641 2632 1808 2680 scimus,
