2138 3299
897 291 1161 331 ..59-

324 421 412 467 δων,
443 422 646 461 ἀποθάνοι.
677 445 730 450 -—
756 421 831 472 frg.
853 420 924 460 66*
954 424 992 470 (e
1012 422 1099 460 cod.
1121 421 1252 460 Vatic.
1276 433 1333 470 gr.
1358 423 1470 466 1950,
1502 421 1551 458 cf.
1573 421 1734 460 Wiener

325 485 499 526 Studien
513 487 554 526 X
565 490 677 532 1880,
700 499 738 536 p.
755 489 828 525 175
837 498 896 536 sq.
912 486 953 525 C.
967 486 1117 526 Wotke
1129 489 1169 524 et
1182 485 1235 524 H.
1249 486 1421 535 Usener)
1433 497 1439 524 :
1464 484 1733 537 συμπαθῶμεν

322 554 398 595 τοῖς
425 550 545 600 φίλοις
572 552 616 588 οὐ
646 551 880 600 θρηνοῦντες
909 549 1009 587 ἀλλὰ
1037 549 1297 599 φροντίζοντες
1327 550 1392 598 (cf.
1427 563 1487 600 ep.
1513 553 1559 587 21
1597 552 1615 599 §
1639 550 1730 597 l)¹).

459 614 580 665 Quod
603 613 656 652 ad
678 613 876 664 epistulas
901 616 1010 663 32sq.
1037 614 1202 658 attinet,
1225 613 1338 651 haud
1360 625 1512 663 paucas
1535 614 1733 664 epistulas

323 678 522 729 privatas,
552 691 658 729 quae
686 678 854 729 papyris
883 689 1062 716 emersae
1089 681 1201 723 sunt,
1232 677 1389 716 adicere
1418 690 1597 728 possum,
1627 690 1733 728 quae

322 743 527 782 illustrent
552 746 764 781 auctorem
785 742 935 781 harum
957 742 1191 781 litterarum
1213 742 1256 782 in
1279 754 1400 781 usum
1422 754 1544 781 suum
1567 754 1732 780 conver—

323 808 420 847 tisse
448 808 613 847 easdem
641 820 774 851 voces,
805 807 954 858 quibus
983 806 1264 858 epistolarium
1294 819 1420 856 genus
1448 807 1555 846 illius
1584 806 1734 846 aetatis

320 876 500 911 notetur.
539 871 733 912 conferas
763 884 914 923 quaeso
943 871 1132 923 exempla
1150 872 1268 910 haec:
1301 872 1516 922 Epistulae
1545 872 1733 922 privatae

321 948 490 986 graecae
517 937 594 984 (ed.
626 937 855 976 Stanislaus
880 937 1136 982 Witkowski,
1163 937 1271 987 Lips.
1304 940 1433 983 1906),
1460 950 1497 987 p.
1527 940 1550 975 6
1575 949 1636 987 ep.
1666 936 1730 975 III

322 999 509 1046 πολλάκις
555 1001 623 1051 μὲν
666 999 844 1050 γέγραφά
890 1013 949 1038 σοι
990 1000 1288 1050 παραγενέσθαι
1330 1001 1398 1037 καὶ
1439 1000 1632 1049 συστῆσαί
1673 1012 1732 1050 με,

322 1065 424 1109 ὅπως
459 1070 526 1114 τῆς
563 1066 624 1102 ἐπὶ
660 1071 725 1102 τοῦ
754 1064 941 1114 παρόντος
980 1065 1126 1115 σχολῆς
1162 1064 1363 1104 ἀπολυθῶ.
1402 1066 1470 1101 καὶ
1505 1070 1571 1101 νῦν
1608 1064 1663 1111 δὲ,
1701 1064 1734 1102 εἰ

322 1127 482 1168 δύνατόν
513 1129 613 1167 ἐστιν
633 1128 701 1166 καὶ
721 1127 848 1180 μηθέν
870 1140 914 1166 σε
942 1132 1017 1166 τῶν
1038 1128 1160 1179 ἔργων
1180 1127 1333 1173 κωλύει,
1363 1127 1574 1178 πειράθητι
1602 1126 1733 1166 ἐλθεῖν

322 1193 374 1237 εἰς
401 1194 448 1230 τὰ
477 1192 714 1242 Ἀρσινόεια.
745 1216 797 1220 -
826 1195 1043 1231 Praeterea
1071 1193 1263 1242 inspicias
1293 1206 1355 1241 ep.
1378 1196 1440 1237 34,
1460 1206 1498 1242 p.
1521 1197 1584 1237 55,
1606 1206 1645 1242 p.
1673 1197 1731 1237 12,

322 1270 359 1308 p.
387 1260 434 1295 16
456 1256 670 1308 (ἀφεθῆναι
699 1257 762 1295 διὰ
791 1256 952 1305 τέλους),
975 1269 1012 1308 p.
1038 1259 1086 1296 67
1109 1255 1256 1304 (καλῶς
1285 1257 1350 1295 οὖν
1380 1254 1540 1308 ποήσεις
1568 1255 1734 1308 παραγί-

320 1322 461 1359 νεσθαι
496 1323 561 1360 vel
597 1322 799 1372 βολάμενοι
835 1321 1011 1372 συνμῖξαί
1049 1334 1108 1358 σοι
1136 1322 1289 1371 ἥκαμεν
1328 1322 1393 1368 (cf.
1428 1334 1491 1371 ep.
1526 1322 1635 1360 Socr.
1668 1326 1730 1366 29,

324 1387 342 1436 ξ
361 1388 393 1426 3.
417 1389 472 1436 4),
502 1399 540 1438 p.
562 1389 621 1426 75.

453 1526 699 1566 Perdifficile
734 1526 860 1576 igitur
897 1531 958 1565 est
996 1526 1222 1565 diiudicare
1259 1526 1408 1577 quibus
1445 1526 1630 1566 fontibus
1669 1526 1730 1566 usi

320 1591 401 1629 sint
431 1591 765 1641 epistolographi‚
795 1591 948 1641 quippe
976 1602 1261 1641 quaecumque
1288 1590 1461 1629 tradunt
1488 1591 1540 1629 de
1568 1591 1657 1628 vita
1685 1603 1730 1628 ac

321 1654 502 1695 moribus
522 1654 737 1693 cuiusdam
757 1654 847 1700 viri,
864 1658 1005 1693 utrum
1024 1654 1203 1694 debeant
1224 1655 1336 1693 vitae
1357 1655 1521 1694 cuidam
1542 1667 1595 1693 an
1615 1654 1731 1694 alteri

319 1719 473 1768 scripto
500 1722 547 1757 ut
576 1718 738 1768 dialogo
766 1718 831 1757 vel
860 1718 1069 1768 florilegio,
1098 1718 1216 1759 nobis
1244 1718 1385 1757 lateat.
1445 1718 1639 1757 Similiter
1667 1719 1732 1757 cui

319 1782 424 1822 libro
444 1782 684 1821 addicamus
702 1783 953 1822 sententiam
973 1783 1184 1834 quandam
1204 1783 1269 1821 vel
1290 1783 1428 1828 verba,
1449 1795 1524 1822 nos
1542 1783 1585 1823 in
1604 1783 1732 1822 dubio

319 1848 547 1898 relinquere
569 1851 747 1898 oportet,
770 1848 868 1899 quia
889 1848 1130 1899 plerumque
1150 1848 1364 1888 referenda
1383 1849 1466 1888 sint
1490 1848 1543 1887 ad
1563 1849 1730 1899 scripta,

322 1925 428 1963 quae
461 1912 582 1951 hodie
616 1924 698 1951 non
732 1916 898 1951 servata
930 1917 1041 1958 sunt,
1077 1925 1334 1964 quorumque
1368 1925 1587 1953 numerum
1620 1913 1732 1952 haud

319 1976 515 2026 exiguum
547 1976 671 2015 {uisse
704 1981 751 2015 ut
786 1977 854 2016 alii
886 1977 947 2015 ita
981 1977 1181 2027 Diogenes
1216 1978 1403 2016 Laertius
1436 1978 1553 2016 nobis
1587 1977 1728 2015 tradit.

320 2040 669 2079 Verisimillimum
691 2044 751 2079 est
774 2041 817 2079 in
839 2041 1009 2090 dialogis
1031 2045 1071 2079 et
1096 2042 1239 2079 ceteris
1261 2046 1300 2079 et
1324 2041 1430 2079 illius
1455 2044 1523 2088 (sc.
1552 2041 1730 2079 Socratis

320 2108 360 2142 et
382 2104 702 2152 Socraticorum)
722 2108 761 2142 et
783 2105 1017 2154 posterioris
1037 2106 1185 2143 aetatis
1204 2105 1366 2155 scriptis
1385 2105 1603 2154 permulta,
1624 2117 1729 2154 quae

320 2171 552 2206 memoratu
582 2168 707 2216 digna
737 2171 884 2211 essent,
917 2168 1085 2206 latuisse
1115 2190 1168 2195 —
1196 2168 1288 2206 dico
1319 2169 1597 2216 fragmentum
1626 2168 1728 2206 illud

320 2230 623 2270 Herculanense
666 2242 796 2281 nuper
839 2230 882 2269 in
926 2230 1058 2270 lucem
1101 2231 1322 2282 prolatum,
1368 2244 1450 2282 quo
1494 2231 1730 2270 continetur

322 2296 499 2334 Socratis
522 2295 611 2333 vita
635 2295 700 2342 (cf.
728 2295 872 2334 Rhein.
899 2295 1001 2333 Mus.
1023 2298 1069 2335 57
1096 2298 1245 2344 (1902),
1270 2309 1307 2346 p.
1333 2299 1476 2346 285sq.
1502 2297 1728 2345 Croenert)‚

448 2399 480 2441 1)
505 2398 650 2442 Saepius
681 2403 871 2432 occurrunt
894 2410 983 2443 quae
1007 2399 1149 2443 Epicuri
1178 2401 1306 2433 rationi
1328 2400 1467 2434 dicendi
1490 2401 1625 2444 propria
1649 2404 1732 2434 sunl:

318 2453 505 2486 vocabula:
536 2453 769 2492 substantiva,
800 2463 889 2495 quae
920 2454 1090 2488 excidunt
1120 2455 1157 2486 in
1186 2455 1356 2496 syllabam
1385 2467 1454 2495 εμα,
1484 2458 1526 2487 ut.
1555 2456 1590 2487 in
1615 2465 1669 2497 ep.
1691 2455 1732 2487 29

320 2507 549 2540 inveniuntur
563 2507 665 2540 haec:
691 2508 914 2549 συμβούλευμα
930 2506 964 2549 (§
978 2508 1022 2549 2),
1042 2508 1199 2551 βούλημα,
1219 2509 1378 2549 βιότευμα
1395 2507 1428 2549 (ἐ
1441 2508 1487 2550 3).
1511 2527 1544 2532 -
1567 2508 1732 2540 Ceterum

319 2560 363 2593 cf.
389 2562 659 2604 ἀντικατάλλαγμα
683 2564 752 2603 (ep.
768 2562 815 2602 6),
838 2563 986 2605 ἀτόπημα
1000 2563 1067 2603 (ep.
1085 2562 1130 2601 9),
1154 2564 1354 2602 ἀπεικόνισμα
1371 2564 1438 2605 (ep.
1456 2563 1523 2603 20),
1543 2563 1732 2606 βαυκάλημα

319 2615 388 2656 (ep.
406 2614 472 2656 27),
494 2616 642 2655 κοίνωμα,
668 2616 822 2658 θεώρημα
845 2617 914 2657 (ep.
930 2615 998 2656 35),
1021 2617 1194 2658 φενάκισμα
1218 2617 1286 2658 (ep.
1306 2616 1374 2653 36).
