2138 3299
911 389 1179 428 -37—

1012 488 1024 501 .

337 530 390 557 an
414 530 511 563 non,
536 530 610 567 ego
635 517 864 556 discernere
887 517 996 562 nolo,
1021 517 1093 555 sed
1118 517 1275 566 optime
1299 515 1389 554 fieri
1414 515 1566 566 potuit,
1594 519 1639 553 ut
1664 527 1753 565 per-

336 594 439 621 sona
463 581 669 633 quaedam
696 593 721 619 a
746 581 919 621 Platone
945 585 986 620 et
1014 580 1292 631 Xenophonte
1318 580 1486 618 omnino
1512 592 1596 618 non
1622 580 1752 618 nomi—

335 649 451 691 nata,
498 646 696 695 quoniam
731 649 848 683 sutor
883 649 985 690 erat,
1029 649 1169 683 tamen
1214 645 1257 682 in
1291 644 1455 693 dialogo
1491 644 1753 693 potissimum

334 710 479 760 cynico
496 709 654 748 famam
679 709 842 760 assequi
869 713 1018 759 posset.
1056 708 1196 759 Atque
1214 721 1325 753 vero,
1351 708 1385 746 si
1406 707 1615 746 Simonem
1633 708 1751 747 Anti-

334 774 491 812 sthenis
508 774 675 812 Herculi
693 773 959 812 attribuimus
977 774 1128 823 eisque,
1152 784 1260 822 quae
1280 772 1342 810 his
1365 772 1550 822 epistulis
1571 771 1751 810 referun-

333 842 415 884 tur,
437 838 540 877 fides
556 838 749 877 habenda
764 841 840 883 est,
863 850 937 876 nos
952 837 1176 876 concedere
1191 840 1355 887 oportet
1377 840 1561 875 sutorem
1581 836 1752 887 cynicae

334 903 443 953 parti
474 902 607 940 multo
636 902 768 952 magis
798 902 1152 952 appropinquasse
1181 912 1308 951 quam
1338 901 1590 951 cyrenaicae.

466 966 558 1006 Meo
585 966 753 1018 quidem
780 965 951 1006 arbitrio
978 969 1025 1005 ut
1051 965 1320 1005 Antisthenes
1347 965 1422 1003 hac
1450 977 1626 1016 persona
1652 977 1750 1004 usus

332 1035 394 1069 est
414 1032 475 1068 ita
495 1031 622 1069 etiam
644 1031 811 1069 Phaedo
833 1031 1007 1070 eandem
1027 1031 1222 1068 inducere
1242 1030 1428 1079 potuitl),
1450 1042 1585 1079 neque
1606 1042 1631 1067 a
1650 1042 1749 1068 vero

333 1094 525 1133 abhorret
549 1107 618 1133 eos
642 1095 764 1140 viros,
788 1094 859 1145 qui
882 1106 976 1133 cum
1002 1093 1168 1132 Simone
1190 1093 1428 1144 epistolaria
1449 1093 1750 1132 consuetudine

332 1162 496 1197 utentes
519 1163 910 1204 commemorantur,
935 1159 974 1196 in
1001 1158 1164 1207 dialogo
1188 1157 1420 1213 Phaedonis
1443 1161 1584 1207 partes
1606 1159 1745 1207 egisse.

334 1222 467 1261 Immo
496 1234 595 1261 vero
624 1222 786 1272 dialogo
815 1222 933 1260 nobis
962 1225 1052 1260 tam
1080 1222 1223 1272 ignoto
1251 1233 1325 1259 nos
1354 1221 1529 1259 nimium
1559 1221 1749 1260 addicere

330 1288 519 1337 iniquum
534 1291 596 1326 est
606 1299 615 1332 ;
634 1300 717 1337 qua
730 1300 787 1332 re,
805 1287 1162 1337 epistolographus
1178 1298 1302 1336 quern
1319 1286 1371 1324 ad
1387 1286 1546 1325 fontem
1561 1298 1747 1336 respexe-

334 1352 400 1396 rit,
430 1352 472 1389 in
501 1351 628 1389 dubio
655 1351 980 1402 relinquemus2).

336 1437 512 1477 inscripsit
532 1436 683 1478 Ἡρακλῆς,
708 1436 861 1467 Simonis
883 1445 1069 1477 personam
1095 1435 1277 1467 induxisse
1301 1435 1486 1467 ostendere
1510 1439 1660 1468 conatus
1679 1440 1744 1473 est,

331 1492 488 1522 sutorem
526 1488 647 1522 eadem
685 1489 821 1521 ratione
860 1491 966 1532 atque
1002 1488 1164 1531 epistulis
1193 1488 1380 1521 Socraticis
1415 1489 1626 1521 insectatum
1667 1499 1745 1522 esse

332 1544 579 1586 philosophum
604 1543 836 1586 Cyrenaicum
860 1546 968 1575 ratus.
1008 1543 1181 1584 Apertum
1205 1552 1282 1575 esse
1306 1542 1460 1574 declarat
1485 1542 1569 1575 Joel
1599 1545 1646 1583 (p.
1665 1543 1743 1582 307)

331 1596 485 1628 fabulam
514 1595 650 1628 Prodici
677 1595 722 1628 ad
753 1595 974 1628 efferendum
996 1595 1185 1628 Herculem
1217 1594 1337 1627 fictam
1367 1596 1401 1626 in
1427 1594 1567 1637 dialogo
1592 1595 1745 1638 quodam

333 1648 510 1682 Socratico
534 1651 783 1691 pertractatam
814 1659 902 1686 esse,
933 1659 1003 1691 quo
1036 1649 1133 1681 Simo
1156 1659 1177 1680 a
1201 1648 1389 1681 Phaedone
1420 1648 1649 1686 illudebatur;
1682 1649 1745 1682 sed

330 1703 413 1744 quia
437 1702 534 1734 Simo
567 1702 731 1734 omnibus
762 1705 928 1744 quattuor
960 1702 1122 1745 epistulis
1153 1702 1285 1745 Cynico
1317 1703 1351 1741 (i.
1377 1712 1406 1734 e.
1442 1702 1658 1742 Antistheni)
1689 1713 1745 1736 ac-

331 1755 575 1789 commodatus
598 1756 655 1792 sit,
690 1756 904 1798 probabilius
926 1766 1005 1789 esse
1030 1756 1208 1788 Simonem
1234 1756 1379 1789 alterius
1415 1765 1583 1798 personae
1617 1757 1746 1789 sutoris

330 1809 541 1851 respondere
550 1819 556 1847 ;
590 1809 740 1852 denique
764 1809 860 1852 quod
879 1810 1073 1852 Xenophon
1103 1809 1261 1842 hauserit
1285 1820 1329 1842 ex
1355 1809 1577 1842 Antisthenis
1603 1809 1743 1852 dialogo

326 1863 476 1906 Ἡρακλῆς,
503 1863 584 1895 Joel
607 1863 737 1895 conicit
752 1863 942 1896 Herculem
967 1866 1004 1895 et
1027 1863 1253 1895 Antisthenis
1277 1866 1314 1895 et
1328 1862 1469 1895 Prodici
1489 1863 1642 1895 eundem
1668 1874 1743 1896 esse

333 1916 522 1959 dialogum,
557 1917 592 1948 in
616 1916 786 1949 auxilium
815 1927 948 1950 vocans
981 1916 1088 1949 verba
1118 1927 1172 1959 ep.
1207 1917 1236 1949 9.
1261 1916 1375 1949 Socr.:
1409 1920 1525 1958 πέμψω
1549 1919 1585 1949 δέ
1608 1930 1656 1950 σοι
1681 1922 1744 1950 τῶν

334 1974 462 2013 θέρμων
549 1971 687 2013 ἵν”ἒ-’χῃς
705 1973 786 2010 μετὰ
810 1973 846 2003 τὸ
870 1973 1089 2008 ἐπιδείξασθαι
1115 1974 1168 2003 τὸν
1191 1971 1346 2012 εΗρακλέα
1370 1975 1437 2004 τοῖς
1461 1973 1541 2004 νέοις
1558 1973 1743 2013 ὑποτραγεῖν

330 2047 337 2054 .
367 2048 371 2052 .
401 2049 406 2054 .
431 2025 470 2055 τὰ
495 2025 585 2055 λοιπὰ
610 2026 645 2055 δὲ
677 2026 760 2066 παρὰ
783 2025 915 2063 Zamam
944 2026 1056 2064 βαδιζε
1085 2025 1311 2066 διαλεγόμενος,
1346 2034 1415 2065 qua
1443 2034 1480 2055 re
1509 2024 1641 2057 iudicat
1671 2035 1740 2056 non

330 2076 554 2109 Phaedonem
579 2078 800 2118 excogitasse
818 2078 919 2109 illum
943 2081 1114 2111 sutorem.
1140 2078 1375 2120 Amplectitur
1390 2077 1478 2109 hanc
1501 2078 1739 2119 quaestionem

326 2130 443 2162 verbis
464 2130 518 2161 his
541 2133 589 2171 (p.
607 2130 702 2170 307):
730 2130 775 2162 So
799 2131 928 2163 erklart
952 2126 1027 2162 sich
1050 2132 1099 2162 im
1126 2131 1324 2163 Antisthen.
1356 2130 1524 2161 Herakles
1544 2130 1600 2161 die
1618 2131 1653 2162 in
1670 2131 1737 2162 den

327 2182 468 2215 Briefen
501 2193 539 2215 so
561 2184 696 2220 krause,
725 2183 1034 2216 unverst'andliche
1061 2183 1290 2225 Verbindung
1319 2182 1380 2214 der
1408 2182 1541 2215 Namen
1570 2183 1736 2226 Aristipp,

326 2236 458 2277 Simon,
483 2236 663 2275 Prodikos‚
691 2237 870 2275 Herakles,
897 2237 1131 2269 Antisthenes
1156 2239 1224 2269 etc.

458 2290 488 2329 1)
513 2289 558 2322 cf.
584 2289 714 2328 Hirze1‚
739 2291 761 2321 1.
789 2299 818 2322 c.
844 2301 876 2331 p.
899 2290 969 2328 103,
993 2289 1072 2321 adn.
1090 2291 1120 2321 5.

454 2343 488 2384 2)
512 2342 709 2376 Guilelmus
734 2343 885 2386 Capelle⁹
910 2344 962 2375 De
980 2343 1194 2385 Cynicorum
1218 2344 1386 2386 epistulis,
1411 2344 1503 2377 DiSS.
1528 2344 1625 2377 Gott.
1644 2344 1737 2382 1896,

327 2407 360 2438 p.
379 2397 469 2438 9sq.‚
493 2400 679 2438 postquam
695 2401 873 2429 auctorem
899 2408 952 2440 ep.
971 2398 991 2429 9
1014 2398 1188 2438 Diogenis
1210 2398 1332 2439 Cynici
1357 2397 1401 2429 ad
1425 2398 1577 2430 eundem
1602 2399 1737 2431 fontem

329 2449 461 2482 redisse
484 2450 607 2481 statuit
631 2453 737 2492 atque
761 2460 815 2492 ep.
845 2450 940 2483 Socr.
972 2451 1011 2482 12
1035 2451 1250 2493 scriptorem,
1287 2451 1395 2482 verba
1418 2450 1561 2484 adiecit:
1595 2451 1737 2492 „Qualis

325 2503 382 2535 hic
406 2502 522 2542 fuerit,
553 2507 633 2545 post
659 2503 922 2536 Wilamowitzii
954 2504 997 2536 de
1023 2515 1099 2546 epp.
1118 2505 1168 2536 12.
1194 2504 1243 2537 13.
1269 2504 1363 2537 Socr.
1399 2506 1642 2547 quaestionem
1676 2505 1739 2537 du-

326 2555 422 2586 bium
446 2564 523 2588 esse
555 2556 615 2586 vix
644 2559 796 2598 potest.“
836 2556 977 2599 Cogitat
1007 2558 1118 2599 igitur
1141 2557 1184 2589 de
1206 2557 1405 2590 Phaedonis
1431 2558 1584 2590 Simone.
1624 2558 1737 2590 Verba

323 2611 453 2648 autem,
467 2619 556 2651 quae
569 2612 746 2652 comparat
758 2614 949 2652 σωφρονίζοι
971 2616 1006 2643 et
1024 2614 1250 2655 σωφρονιστὴς,
1267 2613 1363 2655 σκύτη
1378 2614 1497 2652 τέμνειν
1514 2614 1558 2645 εἷς
1573 2613 1737 2644 νουθεσίαν

324 2664 503 2703 ἀνθρώπων
528 2665 678 2704 ἀφρόνων
700 2663 846 2695 Herculi
869 2664 1093 2697 Antisthenis
1108 2666 1225 2707 potius
1240 2665 1432 2698 addicenda
1451 2665 1618 2698 videntur
1632 2675 1736 2707 quam

327 2714 524 2747 Phaedonis
547 2714 698 2760 dialogo.
