2138 3299
891 300 1158 341 ...65-

308 430 341 469 δ’
371 431 407 469 οἱ
433 430 538 483 λόγοι
575 431 753 482 τοιαύτην
791 432 924 483 ἔχουσι
960 432 1030 483 τὴν
1067 431 1193 481 φύσιν,
1231 429 1333 470 ὥσθ’
1362 430 1474 470 οἶόντ’
1506 431 1603 470 εἶναι
1638 433 1726 483 περὶ

306 500 380 534 τῶν
418 498 542 536 αὐτῶν
584 496 792 548 πολλαχῶς
835 495 1123 547 ἐξηγήσασθαι,
1168 497 1238 535 καὶ
1273 498 1320 534 τὰ
1366 496 1517 547 μεγάλα
1562 498 1724 535 ταπεινὰ

306 565 466 610 ποιῆσαι
494 562 563 599 καὶ
590 566 666 605 τοῖς
696 565 844 611 μικροῖς
873 561 1038 611 μέγεθος
1066 561 1296 611 περιθεῖναι,
1333 561 1401 598 καὶ
1429 561 1476 598 τά
1505 573 1546 598 τε
1574 560 1723 598 παλαιοὶ

306 630 447 671 καινῶς
482 625 650 664 διελθεῖν
688 625 756 663 καὶ
789 629 865 663 τῶν
902 625 1038 663 νεωστὶ
1072 625 1340 676 γεγενημένων
1384 625 1556 676 ἀρχαίως
1591 625 1722 673 εἰπεῖν,

306 688 433 727 οὐκέτι
462 688 645 738 φευκτέον
675 688 779 725 ταῦτ’
810 688 903 736 ἐστί,
940 689 1028 738 περὶ
1057 689 1109 726 ὧν
1139 689 1261 738 ἕτεροι
1286 688 1472 738 πρότερον
1503 688 1724 738 εἰρήκασιν,

307 752 392 791 ἀλλ’
441 754 594 803 ἄμεινον
642 751 798 791 ἐκείνων
847 752 964 790 εἰπεῖν
1020 752 1239 802 πειρατέον;
1305 765 1355 791 ex
1407 765 1489 803 quo
1537 752 1725 791 videmus

307 828 390 855 non
420 817 473 854 ad
501 816 688 860 verbum,
718 816 790 855 sed
819 816 937 866 quasi
967 829 988 854 e
1012 817 1210 856 memoria
1239 817 1440 855 citantem
1468 817 1567 855 haec
1598 817 1727 855 verba

309 879 497 919 attulisse
521 880 913 931 epistolographum,
938 892 1062 931 quem
1087 880 1327 931 Panegyrici
1352 880 1487 920 locum
1511 880 1723 931 cognitum

310 945 502 983 habuisse
539 945 640 983 mihi
678 957 918 994 persuasum
955 949 1015 983 est
1036 945 1078 993 1).
1138 946 1282 996 Neque
1320 957 1417 983 vero
1454 946 1506 984 de
1544 944 1723 995 Philippi

307 1008 429 1047 rebus
470 1009 595 1058 gestis
634 1012 823 1047 tacuerat
863 1012 1014 1054 orator,
1065 1009 1317 1059 tamquamsi
1356 1013 1633 1054 recusaverat,
1673 1020 1725 1048 ne

307 1072 445 1111 omnia
467 1072 572 1122 regis
595 1072 709 1111 facta
731 1084 971 1112 enumerare
993 1072 1036 1112 in
1060 1073 1199 1112 animo
1221 1072 1392 1113 haberet
1418 1075 1467 1121 (c.
1488 1074 1569 1121 40),
1593 1085 1645 1112 ne
1667 1072 1724 1111 lo·

308 1148 420 1186 quax
443 1140 484 1174 et
507 1137 705 1175 molestus
727 1137 914 1186 garrulus
935 1137 1200 1181 indicaretur.
1225 1158 1278 1164 —
1301 1136 1433 1174 Multa
1456 1149 1621 1187 quoque
1645 1136 1727 1174 alia

308 1200 502 1240 Isocratis
540 1201 770 1240 orationem
808 1205 1071 1251 perscrutans
1109 1200 1310 1251 epistulae
1349 1204 1493 1239 auctor
1531 1213 1639 1251 quae
1676 1204 1723 1239 ut

308 1264 563 1314 vituperaret
594 1265 719 1314 digna
747 1277 834 1303 esse
863 1265 1060 1315 putabat:
1092 1265 1354 1315 reprehendit
1384 1264 1586 1315 exempla,
1617 1276 1725 1315 quae

308 1327 507 1366 attulerat
533 1329 673 1367 rhetor
700 1328 938 1379 Philippum
963 1341 1098 1379 regem
1126 1329 1180 1368 ad
1206 1329 1390 1368 facinora
1415 1329 1590 1368 honesta
1617 1329 1723 1367 exci-

308 1395 415 1436 tans,
445 1403 539 1430 cum
566 1393 769 1430 maiorum
797 1392 976 1443 Philippi
1004 1393 1116 1430 faeta
1142 1393 1432 1442 praetermissa
1458 1396 1607 1437 essent,
1637 1392 1719 1431 vid.

310 1455 432 1494 Isocr.
467 1456 570 1495 Phil.
605 1469 636 1495 c.
672 1459 732 1495 24.
769 1460 829 1495 26.
895 1456 975 1496 Sed
1006 1457 1262 1497 Alcibiadem
1293 1461 1333 1496 et
1367 1456 1614 1507 Dionysium
1643 1456 1721 1495 sibi

309 1520 486 1570 elegisse,
514 1525 561 1560 ut
586 1521 629 1560 in
656 1533 788 1560 mores
813 1521 976 1560 illorum
1001 1521 1200 1560 formaret
1225 1533 1375 1572 regem,
1403 1521 1630 1560 Isocratem
1657 1520 1722 1559 vel

306 1585 404 1625 inde
423 1590 610 1636 apparet,
631 1587 744 1637 quod
763 1586 907 1626 efferre
926 1587 1117 1632 voluerit,
1138 1587 1209 1638 qui
1229 1598 1400 1637 magnas
1420 1590 1565 1626 contra
1583 1586 1723 1625 hostes

309 1650 542 1700 peregrinos
564 1662 627 1689 res
651 1651 934 1691 confecissent.
983 1650 1354 1701 Epistolographus
1379 1654 1520 1690 autem
1544 1650 1724 1689 maxime

309 1718 356 1752 ut
377 1715 477 1752 haec
500 1715 688 1765 exempla
707 1716 975 1765 improbaret,
998 1715 1204 1754 adductus
1225 1719 1287 1753 est
1309 1727 1358 1753 ea
1378 1715 1429 1753 de
1451 1726 1588 1760 causa,
1611 1715 1724 1765 quod

311 1777 512 1815 Isocrates
538 1777 582 1816 in
606 1777 937 1817 institutionibus
963 1777 1174 1816 rhetoricis
1206 1777 1432 1817 domestica
1458 1780 1500 1815 et
1527 1780 1628 1816 nota
1655 1789 1722 1815 ex-

309 1842 446 1891 empla
470 1842 655 1881 docenda
678 1855 765 1880 esse
798 1844 1035 1883 ostenderat
1055 1842 1098 1891 2).
1125 1865 1178 1870 ——
1204 1842 1405 1880 Posthaec
1430 1841 1572 1880 irridet
1598 1846 1724 1892 atque

310 1904 547 1943 ludificatur
568 1905 769 1956 epistulae
791 1910 934 1944 auctor
957 1907 1181 1944 Isocratem
1203 1905 1371 1956 eiusque
1393 1905 1629 1956 discipulos,
1651 1905 1723 1956 qui

310 1968 539 2008 orationem
556 1969 669 2009 illam
686 1973 904 2021 tantopere
921 1970 1198 2016 laudaverint,
1218 1973 1266 2009 ut
1284 1969 1519 2009 orationum
1536 1969 1721 2008 omnium

311 2033 463 2083 primas
499 2034 593 2073 huic
629 2034 890 2080 detulissent;
928 2035 1040 2073 nullo
1076 2038 1216 2073 autem
1251 2035 1339 2072 loco
1374 2037 1720 2073 commemoratur

310 2098 530 2149 discipulos
565 2099 672 2137 hanc
708 2098 936 2138 orationem
973 2098 1158 2138 omnium
1194 2097 1412 2149 optimam*
1432 2110 1518 2139 esse
1558 2097 1720 2142 dixisse,

310 2165 358 2200 ut
379 2162 618 2212 ambiguum
639 2175 721 2201 non
741 2163 796 2200 sit
816 2163 916 2200 haec
938 2163 990 2201 ab
1009 2166 1176 2200 auctore
1191 2162 1392 2212 epistulae
1409 2173 1480 2212 per
1498 2161 1722 2200 ludibrium

311 2225 473 2266 adiecta
497 2238 594 2264 esse.
631 2249 682 2254 ——
715 2226 927 2264 Postrema
950 2225 1071 2264 huius
1103 2225 1303 2276 epistulae
1334 2228 1452 2276 parte
1485 2227 1522 2273 (ξ
1543 2227 1606 2273 14)
1638 2224 1721 2263 Iso—

311 2294 467 2328 cratem
495 2289 539 2327 in
566 2289 755 2340 Philippo
784 2289 945 2340 saepius
974 2288 1230 2328 simulavisse
1259 2288 1563 2340 perstringitur:
1596 2292 1723 2340 atque

312 2353 489 2405 primum
517 2353 689 2393 Isocrati
715 2352 871 2392 crimini
900 2354 1036 2399 datur,
1063 2354 1175 2405 quod
1201 2353 1351 2394 dixerit
1378 2365 1522 2404 pacem
1549 2353 1599 2393 de
1625 2353 1722 2391 Am—

441 2461 473 2502 1)
497 2459 540 2493 cf.
567 2463 689 2493 autem
712 2460 838 2500 Obens,
864 2471 898 2503 p.
914 2460 967 2498 40,
990 2460 1070 2494 adn.
1086 2461 1115 2493 5.

439 2515 474 2556 2)
496 2514 585 2547 Phil.
612 2524 639 2547 c.
664 2514 740 2548 113:
771 2516 808 2548 τὸ
838 2515 899 2558 γὰρ
926 2517 971 2557 μὴ
1001 2517 1065 2548 δεῖν
1094 2516 1269 2558 ἀλλοτρίοις
1293 2518 1436 2558 χρῆσθαι
1469 2516 1725 2558 παραδείγμασιν.

311 2567 376 2599 ἀλλ’
402 2569 514 2600 οἰκεῖον
538 2569 685 2611 ὑπάρχειν
716 2567 774 2609 (cf.
802 2568 907 2600 verba
931 2569 1032 2612 epist.
1058 2569 1078 2601 5
1104 2569 1198 2603 Socr.
1230 2568 1296 2608 52:
1330 2570 1374 2601 ὧν
1405 2570 1598 2611 ἀμφοτέρων
1626 2569 1724 2601 olata

311 2621 395 2662 ἔχεις
414 2622 454 2654 τὰ
476 2624 743 2665 παραδείγματα).

1509 2685 1529 2706 ο
