2138 3299
935 306 1203 346 ...48—

357 433 476 473 vario
516 435 641 474 modo
681 435 790 474 hunc
833 435 968 474 locum
1009 433 1277 485 interpretari
1320 434 1460 474 conati
1494 437 1605 474 sunt.
1671 435 1780 475 Nam

357 498 531 548 legimus
566 499 678 549 apud
706 499 1011 538 Theodoretum
1050 501 1183 547 (serm.
1215 497 1296 536 VII
1336 498 1386 537 de
1423 498 1634 536 sacrificiis
1666 501 1685 548 ξ
1714 503 1778 545 47,

358 575 396 613 p.
421 565 513 608 109;
544 576 582 614 p.
608 565 681 602 193
703 563 935 612 Raeder)1):
967 565 1042 615 ἐγὼ
1072 565 1113 603 δὲ
1143 565 1247 615 οἶμαι
1276 565 1342 602 καὶ
1360 562 1574 614 Σωκράτην
1603 565 1666 603 τὸν
1697 565 1777 605 ,Σω-

357 628 567 678 φρονίσκου
603 630 666 667 τὸν
697 629 936 679 ἀλεκτρύονα
973 629 1094 667 θῦσαι
1122 629 1317 669 κελεῦσαι,
1354 630 1416 666 ἵνα
1444 630 1513 678 τὴν
1542 629 1628 666 κατ’
1660 630 1775 666 αὐτοῦ

356 693 620 744 γεγενημένην
641 692 818 743 διελέγξη
836 692 989 743 γραφήν
1015 708 1018 711 ·
1040 693 1266 743 ἐγραψάτην
1294 694 1369 743 γὰρ
1400 693 1512 731 αὐτὸν
1524 689 1684 737 Ἄνυτος
1704 692 1771 729 καὶ

358 755 546 806 Μέλητος,
585 757 635 802 ὡς
672 758 767 795 εἶναι
795 758 911 802 θεοὺς
947 759 991 795 οὐ
1029 757 1229 807 νομίζοντα
1265 760 1305 794 et
1341 756 1452 805 apud
1479 755 1779 794 Tertullianum

359 820 579 869 (apologet.
606 830 638 856 c.
666 819 786 867 46)2):
816 819 1088 869 „Aesculapio
1112 824 1253 858 tamen
1276 819 1548 869 gallinaceum
1571 819 1777 870 prosecari

356 883 440 922 iam
463 883 505 921 in
530 883 613 921 fine
637 882 822 928 iubebat,
849 884 970 922 credo
994 883 1048 921 ob
1072 884 1268 922 honorem
1293 888 1455 934 patrem
1478 884 1578 929 eius,
1603 884 1674 934 qui
1701 883 1771 922 So-

355 959 368 984 (
379 950 512 986 ratem
528 947 677 997 Apollo
693 947 1046 997 sapientissimum
1066 947 1248 986 cecinit.›
1290 948 1458 986 Praeter
1474 948 1547 986 hos
1565 948 1673 986 locos
1690 948 1774 986 iam

356 1011 409 1049 ab
437 1011 588 1050 Orellio
616 1011 854 1060 adduct0s²¹)
883 1012 1010 1050 verba
1037 1025 1203 1063 quoque
1231 1011 1517 1063 Olympiodori
1545 1012 1778 1063 philosophi

356 1075 680 1123 (Commentaria
703 1075 745 1113 in
771 1076 956 1114 Platonis
982 1076 1261 1121 Phaedonem,
1286 1076 1348 1114 ed.
1376 1076 1438 1114 W.
1466 1076 1640 1120 Norvin,
1665 1076 1774 1126 Lips.

359 1141 475 1188 1913)
496 1151 701 1178 arcessam
722 1141 776 1189 (p.
793 1142 971 1187 205,34):
995 1140 1066 1179 Διὰ
1083 1143 1116 1179 τὶ
1133 1147 1184 1192 τῷ
1201 1140 1438 1192 Ἀσκληπιῷ
1456 1142 1519 1179 τὸν
1537 1141 1776 1191 ἀλεκτρυόνα

359 1204 617 1250 ἀποδίδωσιν;
649 1204 673 1255 ἢ
694 1205 756 1243 ἵνα
775 1206 822 1242 τὰ
848 1205 1082 1256 νενονηκότα
1101 1210 1169 1256 τῆς
1189 1206 1316 1256 ψυχῆς
1344 1206 1385 1244 ἐν
1404 1211 1451 1255 τῇ
1479 1205 1627 1255 γενέσει
1656 1211 1776 1243 ταῦτα

356 1269 556 1319 ἐξιάσηται
578 1284 581 1287 ·
604 1269 752 1320 μήποτε
776 1270 817 1307 δὲ
841 1272 942 1307 κατὰ
966 1271 1007 1307 τὸ
1029 1270 1157 1320 λόγιον
1180 1271 1248 1307 καὶ
1277 1271 1389 1315 αὐτὸς
1411 1271 1474 1308 τὸν
1503 1276 1650 1308 παιᾶνα
1672 1271 1774 1320 ᾄδων

354 1333 532 1384 βούλεται
559 1334 796 1385 ἀναδραμεῖν
827 1334 878 1379 εἰς
907 1336 974 1379 τὰς
1002 1334 1146 1380 οἰκείας
1171 1334 1296 1385 ἀρχάς
1324 1336 1364 1371 et
1393 1345 1431 1383 p.
1450 1335 1611 1378 244,17:
1643 1333 1714 1372 Διὰ
1742 1335 1775 1372 τὶ

353 1398 516 1447 ὀφείλειν
554 1399 627 1447 ἔφη
664 1403 716 1448 τῷ
753 1397 990 1448 Ἀσκληπιῷ
1026 1399 1095 1448 τὴν
1132 1398 1275 1436 θυσίαν
1313 1399 1380 1436 καὶ
1416 1404 1524 1436 τοῦτο
1554 1398 1770 1436 τελευταῖον

354 1461 724 1513 ἐφθέγξατοκαίτοι,
735 1463 767 1500 εἰ
780 1461 954 1512 ὤφειλεν,
965 1463 1197 1513 ἐπιστρεφὴς
1209 1463 1260 1501 ὢν
1276 1463 1375 1512 ἀνὴρ
1391 1464 1462 1500 οὐκ
1477 1464 1523 1500 ἂν
1537 1462 1774 1509 ἐπελάθετο;

351 1527 378 1577 ἢ
398 1527 454 1564 ὅτι
476 1525 668 1565 Παιωνίου
688 1526 808 1565 δεῖται
825 1526 1006 1576 προνοίας
1025 1527 1050 1577 ἡ
1069 1527 1189 1578 ψυχή,
1212 1527 1512 1578 ἀπαλλοτομένη
1527 1533 1602 1565 τῶν
1620 1527 1774 1566 πολλῶν

354 1590 480 1629 πόνων
499 1605 503 1609 ’
523 1591 579 1628 διὸ
600 1592 668 1628 καὶ
690 1591 731 1628 τὸ
751 1590 878 1640 λόγιόν
901 1603 1008 1641 φησι,
1032 1592 1100 1636 τὰς
1122 1591 1249 1642 ψυχὰς
1272 1590 1514 1642 ἀναγομὲνας
1537 1592 1599 1629 τὸν
1626 1597 1773 1629 παιᾶνα

355 1655 472 1707 ᾄδειν.
507 1653 641 1693 Verba
660 1665 767 1704 quae
788 1653 911 1692 affert
933 1657 1078 1693 auctor
1094 1654 1295 1704 epistulae
1317 1653 1564 1699 Socraticae,
1585 1654 1665 1693 alio
1685 1654 1773 1693 loco

353 1730 435 1756 non
447 1718 649 1756 audimus.
677 1718 811 1755 Immo
820 1730 918 1755 vero
929 1729 1075 1756 censeo
1084 1730 1219 1768 neque
1227 1718 1340 1768 quod
1347 1718 1630 1756 Theodoretus
1640 1730 1773 1769 neque

353 1782 465 1833 quod
489 1781 767 1823 Tertullianus
792 1785 833 1820 et
859 1781 1180 1832 Olympiodorus
1204 1781 1363 1827 dicunt,
1390 1782 1440 1820 ad
1467 1782 1603 1820 locum
1627 1782 1772 1821 melius

351 1846 674 1896 intellegendum
695 1846 920 1896 quicquam
942 1846 1177 1894 attulisse⁴).
1222 1846 1313 1884 Meo
1334 1858 1457 1884 sensu
1479 1846 1772 1884 tantummodo

350 1914 494 1955 restat,
512 1914 557 1948 ut
576 1909 825 1948 arbitremur
844 1909 1057 1948 Socratem
1073 1909 1327 1948 sacrificasse
1339 1909 1586 1960 Aesculapio
1602 1913 1648 1948 ut
1668 1910 1772 1955 „deo

351 1974 577 2019 medenti“‚
604 1986 712 2025 quae
737 1974 853 2011 notio
881 1973 1075 2023 ambigua
1102 1985 1189 2012 esse
1215 1973 1287 2012 vix
1313 1973 1496 2024 potest⁶).
1554 1973 1771 2014 Probabile

482 2060 514 2100 1)
538 2058 751 2092 Theodoreti
783 2069 988 2101 graecarum
1030 2059 1263 2093 affectionum
1303 2060 1447 2092 curatio.
1494 2059 1577 2093 Rec.
1612 2060 1771 2093 Joannes

354 2112 501 2146 Raeder.
527 2112 621 2155 Lips.
642 2112 736 2147 1904.

480 2167 515 2208 2)
536 2166 746 2198 Tertulliani
772 2176 876 2208 opera.
899 2177 967 2199 rec.
994 2167 1049 2198 Fr.
1075 2167 1212 2203 Oehlen
1236 2177 1267 2209 p.
1286 2167 1358 2200 141.

480 2220 515 2260 3)
539 2230 572 2262 p.
590 2219 663 2252 218.
694 2238 729 2243 —
759 2219 876 2253 Obens
901 2220 987 2253 dicit
1010 2232 1041 2263 p.
1061 2221 1117 2254 26:
1151 2220 1259 2260 „Quis
1285 2223 1339 2253 est
1372 2223 1444 2253 tam
1470 2220 1614 2258 stultus,
1645 2223 1687 2253 ut
1709 2231 1770 2264 pu—

350 2277 425 2306 tare
451 2274 565 2315 possit
586 2273 799 2305 Aeschinem
823 2276 940 2306 tantas
964 2275 1114 2316 ineptias
1137 2275 1319 2316 scripsisse
1342 2284 1457 2316 neque
1484 2275 1624 2306 novisse
1647 2284 1768 2306 veram

351 2335 494 2359 causam
514 2325 599 2369 galli
623 2325 858 2364 sacrificandi,
879 2327 1051 2369 cumipse
1076 2327 1310 2360 amicissimus
1325 2327 1486 2370 magistri
1500 2326 1641 2360 fuerit.⁴‘
1669 2326 1768 2367 Quae

350 2381 459 2414 verba
483 2381 616 2413 inania}
646 2380 845 2423 Epistulam
869 2391 940 2413 non
959 2391 1079 2414 veram
1112 2391 1190 2415 esse
1214 2381 1316 2414 facile
1342 2382 1490 2424 quisque
1514 2381 1584 2414 iam
1614 2384 1696 2414 ante
1719 2382 1768 2412 in-

349 2435 500 2472 tellexit,
532 2434 596 2468 sed
619 2445 724 2477 quam
747 2435 932 2467 scientiam
963 2435 1142 2468 attulisset
1165 2438 1298 2474 auctor,
1329 2435 1562 2467 demonstrari
1585 2438 1692 2476 atque
1715 2435 1767 2466 in-

349 2489 520 2531 vestigari
545 2497 690 2521 neeesse
714 2491 800 2520 erat.

334 2531 342 2537 ‘
480 2541 516 2583 4)
539 2541 656 2574 Etiam
675 2541 768 2582 soa,
792 2542 815 2574 1.
831 2551 859 2575 ο.
875 2541 966 2583 11,1,
989 2553 1020 2585 p.
1034 2543 1107 2579 251.
1132 2543 1193 2585 qui
1216 2542 1421 2586 cynicorum
1441 2542 1616 2574 rationem
1640 2540 1766 2573 tribuit

348 2596 403 2628 his
427 2595 556 2632 verbis,
580 2595 751 2629 erravisse
776 2595 926 2628 videtur.

479 2650 513 2691 5)
539 2648 608 2681 vid.
635 2648 764 2686 Hirzel,
790 2648 916 2691 Dialog
932 2649 960 2686 Ι,
985 2661 1016 2692 p.
1035 2651 1107 2683 195.
