<?xml version="1.0" encoding="UTF-8"?>
<!DOCTYPE html PUBLIC "-//W3C//DTD XHTML 1.0 Transitional//EN"
    "http://www.w3.org/TR/xhtml1/DTD/xhtml1-transitional.dtd">
<html xmlns="http://www.w3.org/1999/xhtml" xml:lang="en" lang="en">
 <head>
  <title>
</title>
<meta http-equiv="Content-Type" content="text/html;charset=utf-8" />
  <meta name='ocr-system' content='tesseract 3.04.00' />
  <meta name='ocr-capabilities' content='ocr_page ocr_carea ocr_par ocr_line ocrx_word'/>
</head>
<body>
  <div class='ocr_page' id='page_1' title='image "4738057_0071.png"; bbox 0 0 2138 3299; ppageno 0'>
   <div class='ocr_carea' id='block_1_1' title="bbox 951 332 1219 370">
    <p class='ocr_par' dir='ltr' id='par_1_1' title="bbox 951 332 1219 370">
     <span class='ocr_line' id='line_1_1' title="bbox 951 332 1219 370; baseline 0 -10"><span class='ocrx_word' id='word_1_1' title='bbox 951 332 1219 370; x_wconf 75' lang='grc'>-64-</span> 
     </span>
    </p>
   </div>
   <div class='ocr_carea' id='block_1_2' title="bbox 373 460 1795 2564">
    <p class='ocr_par' dir='ltr' id='par_1_2' title="bbox 373 460 1795 2564">
     <span class='ocr_line' id='line_1_2' title="bbox 378 460 1795 511; baseline 0.002 -12"><span class='ocrx_word' id='word_1_2' title='bbox 378 465 487 501; x_wconf 89' lang='lat' dir='ltr'>sunt.</span> <span class='ocrx_word' id='word_1_3' title='bbox 545 461 624 499; x_wconf 88' lang='lat' dir='ltr'>Sed</span> <span class='ocrx_word' id='word_1_4' title='bbox 650 472 756 511; x_wconf 89' lang='lat' dir='ltr'>quae</span> <span class='ocrx_word' id='word_1_5' title='bbox 783 460 963 500; x_wconf 86' lang='lat' dir='ltr'><strong>maxime</strong></span> <span class='ocrx_word' id='word_1_6' title='bbox 988 464 1140 500; x_wconf 90' lang='lat' dir='ltr'>notatu</span> <span class='ocrx_word' id='word_1_7' title='bbox 1165 460 1292 511; x_wconf 86' lang='lat' dir='ltr'>digna</span> <span class='ocrx_word' id='word_1_8' title='bbox 1315 460 1398 500; x_wconf 89' lang='lat' dir='ltr'>sint</span> <span class='ocrx_word' id='word_1_9' title='bbox 1425 461 1581 511; x_wconf 87' lang='lat' dir='ltr'>scripta</span> <span class='ocrx_word' id='word_1_10' title='bbox 1606 461 1795 502; x_wconf 89' lang='lat' dir='ltr'>videmus</span> 
     </span>
     <span class='ocr_line' id='line_1_3' title="bbox 378 525 1793 577; baseline 0.001 -13"><span class='ocrx_word' id='word_1_11' title='bbox 378 538 466 577; x_wconf 83' lang='lat' dir='ltr'>cap.</span> <span class='ocrx_word' id='word_1_12' title='bbox 498 529 632 576; x_wconf 90' lang='lat' dir='ltr'>45sq.,</span> <span class='ocrx_word' id='word_1_13' title='bbox 665 525 736 565; x_wconf 91' lang='lat' dir='ltr'>ubi</span> <span class='ocrx_word' id='word_1_14' title='bbox 767 525 969 564; x_wconf 86' lang='lat' dir='ltr'>Isocrates</span> <span class='ocrx_word' id='word_1_15' title='bbox 998 525 1099 564; x_wconf 90' lang='lat' dir='ltr'>dicit</span> <span class='ocrx_word' id='word_1_16' title='bbox 1129 525 1248 566; x_wconf 85' lang='lat' dir='ltr'>haec:</span> <span class='ocrx_word' id='word_1_17' title='bbox 1281 525 1501 576; x_wconf 85' lang='lat' dir='ltr'><strong>Amyntas,</strong></span> <span class='ocrx_word' id='word_1_18' title='bbox 1533 529 1652 576; x_wconf 88' lang='lat' dir='ltr'>pater</span> <span class='ocrx_word' id='word_1_19' title='bbox 1681 529 1793 572; x_wconf 90' lang='lat' dir='ltr'>tuus,</span> 
     </span>
     <span class='ocr_line' id='line_1_4' title="bbox 378 589 1793 640; baseline -0.001 -12"><span class='ocrx_word' id='word_1_20' title='bbox 378 589 622 628; x_wconf 79' lang='lat' dir='ltr'>amicissime</span> <span class='ocrx_word' id='word_1_21' title='bbox 656 601 754 628; x_wconf 90' lang='lat' dir='ltr'>usus</span> <span class='ocrx_word' id='word_1_22' title='bbox 788 594 849 627; x_wconf 83' lang='lat' dir='ltr'>est</span> <span class='ocrx_word' id='word_1_23' title='bbox 885 589 1076 629; x_wconf 88' lang='lat' dir='ltr'>omnibus</span> <span class='ocrx_word' id='word_1_24' title='bbox 1110 589 1352 628; x_wconf 89' lang='lat' dir='ltr'>civitatibus</span> <span class='ocrx_word' id='word_1_25' title='bbox 1384 590 1514 640; x_wconf 90' lang='lat' dir='ltr'>isque,</span> <span class='ocrx_word' id='word_1_26' title='bbox 1550 590 1620 640; x_wconf 91' lang='lat' dir='ltr'>qui</span> <span class='ocrx_word' id='word_1_27' title='bbox 1655 590 1793 640; x_wconf 84' lang='lat' dir='ltr'>posuit</span> 
     </span>
     <span class='ocr_line' id='line_1_5' title="bbox 376 653 1794 705; baseline 0.001 -14"><span class='ocrx_word' id='word_1_28' title='bbox 376 654 489 704; x_wconf 87' lang='lat' dir='ltr'>regni</span> <span class='ocrx_word' id='word_1_29' title='bbox 511 653 800 699; x_wconf 77' lang='lat' dir='ltr'>fundamenta,</span> <span class='ocrx_word' id='word_1_30' title='bbox 822 654 1126 705; x_wconf 81' lang='lat' dir='ltr'>sapientissime</span> <span class='ocrx_word' id='word_1_31' title='bbox 1147 654 1331 694; x_wconf 83' lang='lat' dir='ltr'>condidit</span> <span class='ocrx_word' id='word_1_32' title='bbox 1355 653 1626 693; x_wconf 85' lang='lat' dir='ltr'>Macedonum</span> <span class='ocrx_word' id='word_1_33' title='bbox 1648 653 1794 693; x_wconf 86' lang='lat' dir='ltr'>civita—</span> 
     </span>
     <span class='ocr_line' id='line_1_6' title="bbox 376 718 1794 768; baseline 0 -13"><span class='ocrx_word' id='word_1_34' title='bbox 376 721 476 763; x_wconf 87' lang='lat' dir='ltr'>tem,</span> <span class='ocrx_word' id='word_1_35' title='bbox 511 729 595 757; x_wconf 91' lang='lat' dir='ltr'>non</span> <span class='ocrx_word' id='word_1_36' title='bbox 632 719 895 756; x_wconf 89' lang='lat' dir='ltr'>Graecorum.</span> <span class='ocrx_word' id='word_1_37' title='bbox 970 719 1128 768; x_wconf 79' lang='lat' dir='ltr'>Quibus</span> <span class='ocrx_word' id='word_1_38' title='bbox 1161 719 1283 757; x_wconf 89' lang='lat' dir='ltr'>dictis</span> <span class='ocrx_word' id='word_1_39' title='bbox 1316 719 1368 756; x_wconf 89' lang='lat' dir='ltr'>de</span> <span class='ocrx_word' id='word_1_40' title='bbox 1401 718 1577 756; x_wconf 86' lang='lat' dir='ltr'>Hercule</span> <span class='ocrx_word' id='word_1_41' title='bbox 1610 718 1794 768; x_wconf 90' lang='lat' dir='ltr'>loquitur</span> 
     </span>
     <span class='ocr_line' id='line_1_7' title="bbox 377 781 1793 832; baseline -0.001 -12"><span class='ocrx_word' id='word_1_42' title='bbox 377 781 591 821; x_wconf 88' lang='lat' dir='ltr'>declarans</span> <span class='ocrx_word' id='word_1_43' title='bbox 609 781 828 822; x_wconf 88' lang='lat' dir='ltr'>nonnullas</span> <span class='ocrx_word' id='word_1_44' title='bbox 846 782 932 821; x_wconf 90' lang='lat' dir='ltr'>eius</span> <span class='ocrx_word' id='word_1_45' title='bbox 951 782 1127 821; x_wconf 87' lang='lat' dir='ltr'>virtutes</span> <span class='ocrx_word' id='word_1_46' title='bbox 1146 794 1229 822; x_wconf 92' lang='lat' dir='ltr'>non</span> <span class='ocrx_word' id='word_1_47' title='bbox 1247 782 1348 820; x_wconf 91' lang='lat' dir='ltr'>satis</span> <span class='ocrx_word' id='word_1_48' title='bbox 1366 781 1496 820; x_wconf 90' lang='lat' dir='ltr'>elatas</span> <span class='ocrx_word' id='word_1_49' title='bbox 1515 793 1600 820; x_wconf 88' lang='lat' dir='ltr'>esse</span> <span class='ocrx_word' id='word_1_50' title='bbox 1619 794 1643 819; x_wconf 91' lang='lat' dir='ltr'>a</span> <span class='ocrx_word' id='word_1_51' title='bbox 1661 781 1793 832; x_wconf 86' lang='lat' dir='ltr'>poetis</span> 
     </span>
     <span class='ocr_line' id='line_1_8' title="bbox 378 845 1793 896; baseline -0.001 -13"><span class='ocrx_word' id='word_1_52' title='bbox 378 850 419 883; x_wconf 88' lang='lat' dir='ltr'>et</span> <span class='ocrx_word' id='word_1_53' title='bbox 435 845 718 896; x_wconf 84' lang='lat' dir='ltr'>scriptoribus,</span> <span class='ocrx_word' id='word_1_54' title='bbox 738 846 850 896; x_wconf 93' lang='lat' dir='ltr'>quod</span> <span class='ocrx_word' id='word_1_55' title='bbox 867 846 987 883; x_wconf 90' lang='lat' dir='ltr'>valde</span> <span class='ocrx_word' id='word_1_56' title='bbox 1003 846 1161 890; x_wconf 86' lang='lat' dir='ltr'>doleat;</span> <span class='ocrx_word' id='word_1_57' title='bbox 1179 846 1357 895; x_wconf 90' lang='lat' dir='ltr'>denique</span> <span class='ocrx_word' id='word_1_58' title='bbox 1373 849 1420 883; x_wconf 91' lang='lat' dir='ltr'>ut</span> <span class='ocrx_word' id='word_1_59' title='bbox 1436 845 1624 883; x_wconf 86' lang='lat' dir='ltr'>imitetur</span> <span class='ocrx_word' id='word_1_60' title='bbox 1640 845 1793 883; x_wconf 89' lang='lat' dir='ltr'>amicos</span> 
     </span>
     <span class='ocr_line' id='line_1_9' title="bbox 378 908 1794 959; baseline 0.001 -13"><span class='ocrx_word' id='word_1_61' title='bbox 378 908 616 959; x_wconf 88' lang='lat' dir='ltr'>Philippum</span> <span class='ocrx_word' id='word_1_62' title='bbox 641 908 934 956; x_wconf 77' lang='lat' dir='ltr'>adhortaturl).</span> <span class='ocrx_word' id='word_1_63' title='bbox 987 908 1090 947; x_wconf 91' lang='lat' dir='ltr'>Inde</span> <span class='ocrx_word' id='word_1_64' title='bbox 1114 908 1388 958; x_wconf 79' lang='lat' dir='ltr'>intellegimus</span> <span class='ocrx_word' id='word_1_65' title='bbox 1413 912 1619 947; x_wconf 90' lang='lat' dir='ltr'>oratorem</span> <span class='ocrx_word' id='word_1_66' title='bbox 1643 920 1726 948; x_wconf 89' lang='lat' dir='ltr'>non</span> <span class='ocrx_word' id='word_1_67' title='bbox 1750 908 1794 947; x_wconf 89' lang='lat' dir='ltr'>id</span> 
     </span>
     <span class='ocr_line' id='line_1_10' title="bbox 375 972 1794 1023; baseline 0.001 -12"><span class='ocrx_word' id='word_1_68' title='bbox 375 973 577 1023; x_wconf 87' lang='lat' dir='ltr'>imprimis</span> <span class='ocrx_word' id='word_1_69' title='bbox 609 973 750 1022; x_wconf 86' lang='lat' dir='ltr'>egisse,</span> <span class='ocrx_word' id='word_1_70' title='bbox 784 977 831 1011; x_wconf 94' lang='lat' dir='ltr'>ut</span> <span class='ocrx_word' id='word_1_71' title='bbox 865 972 1044 1023; x_wconf 86' lang='lat' dir='ltr'>placeret</span> <span class='ocrx_word' id='word_1_72' title='bbox 1077 972 1174 1022; x_wconf 90' lang='lat' dir='ltr'>regi,</span> <span class='ocrx_word' id='word_1_73' title='bbox 1207 973 1280 1012; x_wconf 86' lang='lat' dir='ltr'>sed</span> <span class='ocrx_word' id='word_1_74' title='bbox 1311 976 1358 1011; x_wconf 93' lang='lat' dir='ltr'>ut</span> <span class='ocrx_word' id='word_1_75' title='bbox 1392 972 1573 1012; x_wconf 84' lang='lat' dir='ltr'>efficeret</span> <span class='ocrx_word' id='word_1_76' title='bbox 1607 973 1719 1023; x_wconf 91' lang='lat' dir='ltr'>quod</span> <span class='ocrx_word' id='word_1_77' title='bbox 1749 973 1794 1013; x_wconf 92' lang='lat' dir='ltr'>in</span> 
     </span>
     <span class='ocr_line' id='line_1_11' title="bbox 375 1036 1793 1087; baseline 0.001 -14"><span class='ocrx_word' id='word_1_78' title='bbox 375 1040 620 1087; x_wconf 88' lang='lat' dir='ltr'>argumento</span> <span class='ocrx_word' id='word_1_79' title='bbox 646 1036 915 1076; x_wconf 84' lang='lat' dir='ltr'>indicaverat.</span> <span class='ocrx_word' id='word_1_80' title='bbox 976 1036 1056 1075; x_wconf 88' lang='lat' dir='ltr'>Sed</span> <span class='ocrx_word' id='word_1_81' title='bbox 1084 1036 1137 1075; x_wconf 94' lang='lat' dir='ltr'>ab</span> <span class='ocrx_word' id='word_1_82' title='bbox 1165 1036 1246 1075; x_wconf 87' lang='lat' dir='ltr'>alia</span> <span class='ocrx_word' id='word_1_83' title='bbox 1273 1040 1392 1087; x_wconf 90' lang='lat' dir='ltr'>parte</span> <span class='ocrx_word' id='word_1_84' title='bbox 1420 1037 1621 1087; x_wconf 86' lang='lat' dir='ltr'>epistulae</span> <span class='ocrx_word' id='word_1_85' title='bbox 1649 1040 1793 1075; x_wconf 87' lang='lat' dir='ltr'>auctor</span> 
     </span>
     <span class='ocr_line' id='line_1_12' title="bbox 375 1100 1793 1151; baseline -0.001 -11"><span class='ocrx_word' id='word_1_86' title='bbox 375 1100 495 1145; x_wconf 87' lang='lat' dir='ltr'>vidit,</span> <span class='ocrx_word' id='word_1_87' title='bbox 531 1100 602 1151; x_wconf 90' lang='lat' dir='ltr'>qui</span> <span class='ocrx_word' id='word_1_88' title='bbox 635 1101 678 1139; x_wconf 86' lang='lat' dir='ltr'>id</span> <span class='ocrx_word' id='word_1_89' title='bbox 712 1112 843 1140; x_wconf 92' lang='lat' dir='ltr'>unum</span> <span class='ocrx_word' id='word_1_90' title='bbox 876 1104 1052 1151; x_wconf 88' lang='lat' dir='ltr'>spectat,</span> <span class='ocrx_word' id='word_1_91' title='bbox 1088 1104 1135 1139; x_wconf 88' lang='lat' dir='ltr'>ut</span> <span class='ocrx_word' id='word_1_92' title='bbox 1171 1101 1443 1140; x_wconf 85' lang='lat' dir='ltr'>Macedonum</span> <span class='ocrx_word' id='word_1_93' title='bbox 1477 1113 1589 1151; x_wconf 88' lang='lat' dir='ltr'>reges</span> <span class='ocrx_word' id='word_1_94' title='bbox 1621 1101 1793 1139; x_wconf 90' lang='lat' dir='ltr'>summis</span> 
     </span>
     <span class='ocr_line' id='line_1_13' title="bbox 375 1165 1792 1215; baseline -0.001 -12"><span class='ocrx_word' id='word_1_95' title='bbox 375 1165 567 1204; x_wconf 80' lang='lat' dir='ltr'>laudibus</span> <span class='ocrx_word' id='word_1_96' title='bbox 599 1169 782 1204; x_wconf 85' lang='lat' dir='ltr'>exornet.</span> <span class='ocrx_word' id='word_1_97' title='bbox 847 1166 1015 1203; x_wconf 86' lang='lat' dir='ltr'>Praeter</span> <span class='ocrx_word' id='word_1_98' title='bbox 1046 1165 1122 1203; x_wconf 89' lang='lat' dir='ltr'>hoc</span> <span class='ocrx_word' id='word_1_99' title='bbox 1154 1165 1232 1204; x_wconf 91' lang='lat' dir='ltr'>sibi</span> <span class='ocrx_word' id='word_1_100' title='bbox 1263 1168 1522 1215; x_wconf 87' lang='lat' dir='ltr'>persuaserat</span> <span class='ocrx_word' id='word_1_101' title='bbox 1554 1177 1597 1203; x_wconf 90' lang='lat' dir='ltr'>se</span> <span class='ocrx_word' id='word_1_102' title='bbox 1627 1165 1792 1210; x_wconf 88' lang='lat' dir='ltr'>habere,</span> 
     </span>
     <span class='ocr_line' id='line_1_14' title="bbox 376 1228 1793 1281; baseline 0 -14"><span class='ocrx_word' id='word_1_103' title='bbox 376 1228 489 1281; x_wconf 89' lang='lat' dir='ltr'>quod</span> <span class='ocrx_word' id='word_1_104' title='bbox 505 1228 732 1268; x_wconf 88' lang='lat' dir='ltr'>Isocratem</span> <span class='ocrx_word' id='word_1_105' title='bbox 748 1232 1068 1274; x_wconf 88' lang='lat' dir='ltr'>consectaretur,</span> <span class='ocrx_word' id='word_1_106' title='bbox 1086 1229 1157 1280; x_wconf 89' lang='lat' dir='ltr'>qui</span> <span class='ocrx_word' id='word_1_107' title='bbox 1171 1228 1214 1268; x_wconf 92' lang='lat' dir='ltr'>in</span> <span class='ocrx_word' id='word_1_108' title='bbox 1230 1232 1319 1268; x_wconf 91' lang='lat' dir='ltr'>arte</span> <span class='ocrx_word' id='word_1_109' title='bbox 1334 1228 1538 1267; x_wconf 89' lang='lat' dir='ltr'>rhetorica</span> <span class='ocrx_word' id='word_1_110' title='bbox 1553 1241 1574 1268; x_wconf 91' lang='lat' dir='ltr'>e</span> <span class='ocrx_word' id='word_1_111' title='bbox 1589 1229 1793 1268; x_wconf 89' lang='lat' dir='ltr'>maiorum</span> 
     </span>
     <span class='ocr_line' id='line_1_15' title="bbox 375 1292 1793 1332; baseline -0.001 -1"><span class='ocrx_word' id='word_1_112' title='bbox 375 1293 498 1331; x_wconf 91' lang='lat' dir='ltr'>laude</span> <span class='ocrx_word' id='word_1_113' title='bbox 535 1293 773 1331; x_wconf 89' lang='lat' dir='ltr'>auditorum</span> <span class='ocrx_word' id='word_1_114' title='bbox 810 1293 1143 1332; x_wconf 85' lang='lat' dir='ltr'>benevolentiam</span> <span class='ocrx_word' id='word_1_115' title='bbox 1179 1293 1332 1331; x_wconf 89' lang='lat' dir='ltr'>oratori</span> <span class='ocrx_word' id='word_1_116' title='bbox 1369 1304 1455 1331; x_wconf 90' lang='lat' dir='ltr'>esse</span> <span class='ocrx_word' id='word_1_117' title='bbox 1491 1292 1793 1332; x_wconf 84' lang='lat' dir='ltr'>conciliandam</span> 
     </span>
     <span class='ocr_line' id='line_1_16' title="bbox 376 1356 1793 1407; baseline -0.001 -11"><span class='ocrx_word' id='word_1_118' title='bbox 376 1356 634 1407; x_wconf 79' lang='lat' dir='ltr'>percepisset.</span> <span class='ocrx_word' id='word_1_119' title='bbox 716 1357 824 1395; x_wconf 91' lang='lat' dir='ltr'>Tum</span> <span class='ocrx_word' id='word_1_120' title='bbox 864 1368 1129 1406; x_wconf 89' lang='lat' dir='ltr'>perseverans</span> <span class='ocrx_word' id='word_1_121' title='bbox 1170 1356 1525 1407; x_wconf 87' lang='lat' dir='ltr'>epistolographus</span> <span class='ocrx_word' id='word_1_122' title='bbox 1567 1357 1793 1395; x_wconf 89' lang='lat' dir='ltr'>Isocratem</span> 
     </span>
     <span class='ocr_line' id='line_1_17' title="bbox 374 1409 1793 1470; baseline -0.001 -12"><span class='ocrx_word' id='word_1_123' title='bbox 374 1420 548 1459; x_wconf 91' lang='lat' dir='ltr'>illudens</span> <span class='ocrx_word' id='word_1_124' title='bbox 571 1422 608 1469; x_wconf 70' lang='grc' dir='ltr'>(ξ</span> <span class='ocrx_word' id='word_1_125' title='bbox 628 1423 688 1468; x_wconf 83' lang='grc'>4);</span> <span class='ocrx_word' id='word_1_126' title='bbox 719 1419 766 1469; x_wconf 81' lang='grc' dir='ltr'>ἦν</span> <span class='ocrx_word' id='word_1_127' title='bbox 788 1420 831 1458; x_wconf 88' lang='grc' dir='ltr'>δὲ</span> <span class='ocrx_word' id='word_1_128' title='bbox 850 1421 918 1457; x_wconf 85' lang='grc' dir='ltr'>καὶ</span> <span class='ocrx_word' id='word_1_129' title='bbox 938 1421 985 1457; x_wconf 80' lang='grc' dir='ltr'>τὰ</span> <span class='ocrx_word' id='word_1_130' title='bbox 1004 1419 1155 1458; x_wconf 84' lang='grc' dir='ltr'>παλαιὰ</span> <span class='ocrx_word' id='word_1_131' title='bbox 1176 1409 1436 1470; x_wconf 75' lang='grc' dir='ltr'>διαλεχθῆναι</span> <span class='ocrx_word' id='word_1_132' title='bbox 1455 1424 1523 1469; x_wconf 84' lang='grc' dir='ltr'>τῆς</span> <span class='ocrx_word' id='word_1_133' title='bbox 1541 1416 1793 1469; x_wconf 83' lang='grc' dir='ltr'>Ἰσοκράτους</span> 
     </span>
     <span class='ocr_line' id='line_1_18' title="bbox 374 1483 1792 1535; baseline -0.001 -13"><span class='ocrx_word' id='word_1_134' title='bbox 374 1483 541 1534; x_wconf 82' lang='grc' dir='ltr'>ἡλικίας,</span> <span class='ocrx_word' id='word_1_135' title='bbox 577 1484 618 1522; x_wconf 82' lang='grc' dir='ltr'>τὸ</span> <span class='ocrx_word' id='word_1_136' title='bbox 657 1483 700 1522; x_wconf 88' lang='grc' dir='ltr'>δὲ</span> <span class='ocrx_word' id='word_1_137' title='bbox 736 1484 927 1531; x_wconf 71' lang='grc' dir='ltr'>εὐθαλῶς,</span> <span class='ocrx_word' id='word_1_138' title='bbox 965 1484 1015 1530; x_wconf 84' lang='grc' dir='ltr'>ὥς</span> <span class='ocrx_word' id='word_1_139' title='bbox 1051 1497 1168 1534; x_wconf 84' lang='grc' dir='ltr'>φησιν</span> <span class='ocrx_word' id='word_1_140' title='bbox 1205 1485 1329 1532; x_wconf 82' lang='grc' dir='ltr'>αὐτὸς,</span> <span class='ocrx_word' id='word_1_141' title='bbox 1367 1484 1568 1535; x_wconf 77' lang='grc' dir='ltr'>ἀνθούσης</span> <span class='ocrx_word' id='word_1_142' title='bbox 1605 1488 1673 1534; x_wconf 80' lang='grc' dir='ltr'>τῆς</span> <span class='ocrx_word' id='word_1_143' title='bbox 1710 1484 1792 1522; x_wconf 85' lang='grc' dir='ltr'>δια-</span> 
     </span>
     <span class='ocr_line' id='line_1_19' title="bbox 375 1548 1792 1599; baseline 0.001 -13"><span class='ocrx_word' id='word_1_144' title='bbox 375 1548 491 1595; x_wconf 83' lang='grc' dir='ltr'>νοίας,</span> <span class='ocrx_word' id='word_1_145' title='bbox 534 1549 780 1599; x_wconf 87' lang='lat' dir='ltr'>detorquere</span> <span class='ocrx_word' id='word_1_146' title='bbox 823 1553 997 1588; x_wconf 86' lang='lat' dir='ltr'>conatur</span> <span class='ocrx_word' id='word_1_147' title='bbox 1033 1549 1226 1587; x_wconf 83' lang='lat' dir='ltr'>Isocratis</span> <span class='ocrx_word' id='word_1_148' title='bbox 1270 1549 1398 1588; x_wconf 80' lang='lat' dir='ltr'>verba</span> <span class='ocrx_word' id='word_1_149' title='bbox 1431 1549 1474 1588; x_wconf 92' lang='lat' dir='ltr'>in</span> <span class='ocrx_word' id='word_1_150' title='bbox 1517 1549 1703 1588; x_wconf 87' lang='lat' dir='ltr'>oratione</span> <span class='ocrx_word' id='word_1_151' title='bbox 1738 1548 1792 1587; x_wconf 90' lang='lat' dir='ltr'>ad</span> 
     </span>
     <span class='ocr_line' id='line_1_20' title="bbox 376 1612 1792 1664; baseline -0.001 -11"><span class='ocrx_word' id='word_1_152' title='bbox 376 1614 615 1664; x_wconf 91' lang='lat' dir='ltr'>Philippum</span> <span class='ocrx_word' id='word_1_153' title='bbox 643 1613 767 1652; x_wconf 89' lang='lat' dir='ltr'>missa</span> <span class='ocrx_word' id='word_1_154' title='bbox 801 1625 889 1664; x_wconf 89' lang='lat' dir='ltr'>cap.</span> <span class='ocrx_word' id='word_1_155' title='bbox 922 1617 945 1651; x_wconf 86' lang='lat'><strong>5</strong></span> <span class='ocrx_word' id='word_1_156' title='bbox 981 1612 1145 1662; x_wconf 79' lang='lat' dir='ltr'>facta²)z</span> <span class='ocrx_word' id='word_1_157' title='bbox 1183 1615 1255 1652; x_wconf 86' lang='grc' dir='ltr'>οὐκ</span> <span class='ocrx_word' id='word_1_158' title='bbox 1285 1614 1433 1664; x_wconf 87' lang='grc' dir='ltr'>ἀγνοῶν</span> <span class='ocrx_word' id='word_1_159' title='bbox 1462 1613 1573 1652; x_wconf 84' lang='grc' dir='ltr'>οὐδὲν</span> <span class='ocrx_word' id='word_1_160' title='bbox 1602 1618 1675 1651; x_wconf 91' lang='grc' dir='ltr'>τῶν</span> <span class='ocrx_word' id='word_1_161' title='bbox 1705 1613 1792 1664; x_wconf 84' lang='grc' dir='ltr'>περὶ</span> 
     </span>
     <span class='ocr_line' id='line_1_21' title="bbox 376 1677 1792 1729; baseline -0.001 -14"><span class='ocrx_word' id='word_1_162' title='bbox 376 1679 552 1729; x_wconf 80' lang='grc' dir='ltr'>ἐμαυτὸν,</span> <span class='ocrx_word' id='word_1_163' title='bbox 590 1677 676 1715; x_wconf 85' lang='grc' dir='ltr'>ἀλλ’</span> <span class='ocrx_word' id='word_1_164' title='bbox 707 1677 816 1722; x_wconf 81' lang='grc' dir='ltr'>εἰδὼς</span> <span class='ocrx_word' id='word_1_165' title='bbox 853 1679 920 1728; x_wconf 89' lang='grc' dir='ltr'>μὲν</span> <span class='ocrx_word' id='word_1_166' title='bbox 956 1678 1019 1715; x_wconf 86' lang='grc' dir='ltr'>τὸν</span> <span class='ocrx_word' id='word_1_167' title='bbox 1048 1677 1162 1728; x_wconf 84' lang='grc' dir='ltr'>λόγον</span> <span class='ocrx_word' id='word_1_168' title='bbox 1198 1684 1329 1716; x_wconf 74' lang='grc' dir='ltr'>τοῦτον</span> <span class='ocrx_word' id='word_1_169' title='bbox 1359 1680 1403 1716; x_wconf 88' lang='grc' dir='ltr'>οὐ</span> <span class='ocrx_word' id='word_1_170' title='bbox 1439 1683 1507 1728; x_wconf 81' lang='grc' dir='ltr'>τῆς</span> <span class='ocrx_word' id='word_1_171' title='bbox 1535 1677 1688 1728; x_wconf 80' lang='grc' dir='ltr'>ἡλικίας</span> <span class='ocrx_word' id='word_1_172' title='bbox 1724 1682 1792 1727; x_wconf 78' lang='grc' dir='ltr'>τῆς</span> 
     </span>
     <span class='ocr_line' id='line_1_22' title="bbox 375 1741 1792 1793; baseline 0 -13"><span class='ocrx_word' id='word_1_173' title='bbox 375 1743 471 1793; x_wconf 81' lang='grc' dir='ltr'>ἐμῆς</span> <span class='ocrx_word' id='word_1_174' title='bbox 500 1741 692 1792; x_wconf 84' lang='grc' dir='ltr'>δεόμενον,</span> <span class='ocrx_word' id='word_1_175' title='bbox 730 1741 816 1779; x_wconf 87' lang='grc' dir='ltr'>ἀλλ’</span> <span class='ocrx_word' id='word_1_176' title='bbox 847 1741 986 1792; x_wconf 83' lang='grc' dir='ltr'>ἀνδρὸς</span> <span class='ocrx_word' id='word_1_177' title='bbox 1023 1742 1224 1780; x_wconf 77' lang='grc' dir='ltr'>ἀνθοῦσαν</span> <span class='ocrx_word' id='word_1_178' title='bbox 1259 1743 1327 1792; x_wconf 85' lang='grc' dir='ltr'>τὴν</span> <span class='ocrx_word' id='word_1_179' title='bbox 1366 1743 1496 1793; x_wconf 81' lang='grc' dir='ltr'>ἀκμὴν</span> <span class='ocrx_word' id='word_1_180' title='bbox 1535 1743 1688 1792; x_wconf 84' lang='grc' dir='ltr'>ἔχοντος</span> <span class='ocrx_word' id='word_1_181' title='bbox 1724 1742 1792 1779; x_wconf 82' lang='grc' dir='ltr'>καὶ</span> 
     </span>
     <span class='ocr_line' id='line_1_23' title="bbox 373 1805 1791 1857; baseline -0.001 -12"><span class='ocrx_word' id='word_1_182' title='bbox 373 1807 443 1857; x_wconf 84' lang='grc' dir='ltr'>τὴν</span> <span class='ocrx_word' id='word_1_183' title='bbox 473 1806 585 1856; x_wconf 82' lang='grc' dir='ltr'>φύσιν</span> <span class='ocrx_word' id='word_1_184' title='bbox 621 1805 719 1844; x_wconf 86' lang='grc' dir='ltr'>πολὺ</span> <span class='ocrx_word' id='word_1_185' title='bbox 756 1810 830 1843; x_wconf 91' lang='grc' dir='ltr'>τῶν</span> <span class='ocrx_word' id='word_1_186' title='bbox 866 1805 994 1843; x_wconf 86' lang='grc' dir='ltr'>ἄλλων</span> <span class='ocrx_word' id='word_1_187' title='bbox 1033 1806 1290 1856; x_wconf 85' lang='grc' dir='ltr'>διαφέροντος.</span> <span class='ocrx_word' id='word_1_188' title='bbox 1316 1829 1368 1834; x_wconf 80' lang='lat'><strong>—</strong></span> <span class='ocrx_word' id='word_1_189' title='bbox 1398 1807 1541 1844; x_wconf 86' lang='lat' dir='ltr'>Verbis</span> <span class='ocrx_word' id='word_1_190' title='bbox 1578 1805 1679 1843; x_wconf 81' lang='grc' dir='ltr'>ἀλλὰ</span> <span class='ocrx_word' id='word_1_191' title='bbox 1717 1806 1791 1856; x_wconf 81' lang='grc' dir='ltr'>μὴν</span> 
     </span>
     <span class='ocr_line' id='line_1_24' title="bbox 373 1861 1791 1921; baseline 0 -13"><span class='ocrx_word' id='word_1_192' title='bbox 373 1861 441 1909; x_wconf 89' lang='grc' dir='ltr'>καὶ</span> <span class='ocrx_word' id='word_1_193' title='bbox 476 1872 543 1916; x_wconf 83' lang='grc' dir='ltr'>τὰς</span> <span class='ocrx_word' id='word_1_194' title='bbox 581 1870 762 1921; x_wconf 83' lang='grc' dir='ltr'>διαβολὰς</span> <span class='ocrx_word' id='word_1_195' title='bbox 799 1871 889 1920; x_wconf 84' lang='grc' dir='ltr'>ἐνῆν</span> <span class='ocrx_word' id='word_1_196' title='bbox 925 1870 1041 1908; x_wconf 83' lang='grc' dir='ltr'>λῦσαι</span> <span class='ocrx_word' id='word_1_197' title='bbox 1075 1872 1143 1916; x_wconf 85' lang='grc' dir='ltr'>τὰς</span> <span class='ocrx_word' id='word_1_198' title='bbox 1178 1872 1219 1908; x_wconf 85' lang='grc' dir='ltr'>τὸ</span> <span class='ocrx_word' id='word_1_199' title='bbox 1256 1870 1435 1909; x_wconf 86' lang='grc' dir='ltr'>πλεῖστον</span> <span class='ocrx_word' id='word_1_200' title='bbox 1471 1870 1533 1908; x_wconf 85' lang='grc' dir='ltr'>ὑπ’</span> <span class='ocrx_word' id='word_1_201' title='bbox 1569 1868 1791 1908; x_wconf 71' lang='grc' dir='ltr'>Ὀλυνθίων</span> 
     </span>
     <span class='ocr_line' id='line_1_25' title="bbox 373 1934 1790 1986; baseline -0.001 -14"><span class='ocrx_word' id='word_1_202' title='bbox 373 1934 574 1986; x_wconf 85' lang='grc' dir='ltr'>γινομένας</span> <span class='ocrx_word' id='word_1_203' title='bbox 604 1935 806 1973; x_wconf 87' lang='lat' dir='ltr'>Isocrates</span> <span class='ocrx_word' id='word_1_204' title='bbox 828 1935 997 1973; x_wconf 89' lang='lat' dir='ltr'>crimine</span> <span class='ocrx_word' id='word_1_205' title='bbox 1017 1934 1300 1985; x_wconf 88' lang='lat' dir='ltr'>compellatur,</span> <span class='ocrx_word' id='word_1_206' title='bbox 1324 1935 1436 1985; x_wconf 91' lang='lat' dir='ltr'>quod</span> <span class='ocrx_word' id='word_1_207' title='bbox 1449 1947 1532 1974; x_wconf 91' lang='lat' dir='ltr'>non</span> <span class='ocrx_word' id='word_1_208' title='bbox 1545 1934 1790 1972; x_wconf 84' lang='lat' dir='ltr'>refutaverit</span> 
     </span>
     <span class='ocr_line' id='line_1_26' title="bbox 373 1997 1789 2049; baseline -0.001 -12"><span class='ocrx_word' id='word_1_209' title='bbox 373 1999 681 2039; x_wconf 86' lang='lat' dir='ltr'>criminationes</span> <span class='ocrx_word' id='word_1_210' title='bbox 698 2011 780 2043; x_wconf 80' lang='lat' dir='ltr'>eaS,</span> <span class='ocrx_word' id='word_1_211' title='bbox 798 2011 904 2049; x_wconf 92' lang='lat' dir='ltr'>quae</span> <span class='ocrx_word' id='word_1_212' title='bbox 921 1998 1150 2049; x_wconf 90' lang='lat' dir='ltr'>permultae</span> <span class='ocrx_word' id='word_1_213' title='bbox 1166 1999 1220 2037; x_wconf 90' lang='lat' dir='ltr'>ab</span> <span class='ocrx_word' id='word_1_214' title='bbox 1236 1998 1444 2049; x_wconf 91' lang='lat' dir='ltr'>Olynthiis</span> <span class='ocrx_word' id='word_1_215' title='bbox 1459 1998 1502 2039; x_wconf 90' lang='lat' dir='ltr'>in</span> <span class='ocrx_word' id='word_1_216' title='bbox 1517 2009 1654 2049; x_wconf 90' lang='lat' dir='ltr'>regem</span> <span class='ocrx_word' id='word_1_217' title='bbox 1670 1997 1789 2037; x_wconf 86' lang='lat' dir='ltr'>colla-</span> 
     </span>
     <span class='ocr_line' id='line_1_27' title="bbox 374 2063 1790 2114; baseline 0 -12"><span class='ocrx_word' id='word_1_218' title='bbox 374 2068 443 2102; x_wconf 85' lang='lat' dir='ltr'>tae</span> <span class='ocrx_word' id='word_1_219' title='bbox 460 2068 595 2103; x_wconf 86' lang='lat' dir='ltr'>essent</span> <span class='ocrx_word' id='word_1_220' title='bbox 606 2075 614 2109; x_wconf 86' lang='lat'>;</span> <span class='ocrx_word' id='word_1_221' title='bbox 635 2067 677 2101; x_wconf 91' lang='lat' dir='ltr'>at</span> <span class='ocrx_word' id='word_1_222' title='bbox 695 2075 793 2102; x_wconf 90' lang='lat' dir='ltr'>vero</span> <span class='ocrx_word' id='word_1_223' title='bbox 812 2063 1027 2108; x_wconf 89' lang='lat' dir='ltr'>Isocrates,</span> <span class='ocrx_word' id='word_1_224' title='bbox 1046 2064 1207 2102; x_wconf 89' lang='lat' dir='ltr'>etiamsi</span> <span class='ocrx_word' id='word_1_225' title='bbox 1223 2075 1307 2103; x_wconf 92' lang='lat' dir='ltr'>non</span> <span class='ocrx_word' id='word_1_226' title='bbox 1324 2063 1631 2114; x_wconf 88' lang='lat' dir='ltr'>Olynthiorum,</span> <span class='ocrx_word' id='word_1_227' title='bbox 1649 2066 1790 2102; x_wconf 88' lang='lat' dir='ltr'>tamen</span> 
     </span>
     <span class='ocr_line' id='line_1_28' title="bbox 374 2126 1787 2179; baseline 0 -13"><span class='ocrx_word' id='word_1_228' title='bbox 374 2127 547 2168; x_wconf 90' lang='lat' dir='ltr'>crimina</span> <span class='ocrx_word' id='word_1_229' title='bbox 582 2127 687 2166; x_wconf 84' lang='lat' dir='ltr'>falsa</span> <span class='ocrx_word' id='word_1_230' title='bbox 722 2126 965 2178; x_wconf 84' lang='lat' dir='ltr'>protulerat,</span> <span class='ocrx_word' id='word_1_231' title='bbox 1002 2140 1108 2179; x_wconf 92' lang='lat' dir='ltr'>quae</span> <span class='ocrx_word' id='word_1_232' title='bbox 1142 2127 1185 2168; x_wconf 91' lang='lat' dir='ltr'>in</span> <span class='ocrx_word' id='word_1_233' title='bbox 1221 2127 1459 2178; x_wconf 91' lang='lat' dir='ltr'>Philippum</span> <span class='ocrx_word' id='word_1_234' title='bbox 1495 2127 1622 2165; x_wconf 88' lang='lat' dir='ltr'>allata</span> <span class='ocrx_word' id='word_1_235' title='bbox 1657 2130 1787 2167; x_wconf 85' lang='lat' dir='ltr'>erant.</span> 
     </span>
     <span class='ocr_line' id='line_1_29' title="bbox 374 2190 1790 2243; baseline -0.003 -11"><span class='ocrx_word' id='word_1_236' title='bbox 374 2193 424 2232; x_wconf 90' lang='lat' dir='ltr'>In</span> <span class='ocrx_word' id='word_1_237' title='bbox 452 2192 713 2243; x_wconf 86' lang='lat' dir='ltr'>paragrapho</span> <span class='ocrx_word' id='word_1_238' title='bbox 742 2195 765 2229; x_wconf 82' lang='lat'><strong>9</strong></span> <span class='ocrx_word' id='word_1_239' title='bbox 793 2192 927 2230; x_wconf 89' lang='lat' dir='ltr'>utitur</span> <span class='ocrx_word' id='word_1_240' title='bbox 954 2192 1310 2242; x_wconf 90' lang='lat' dir='ltr'>epistolographus</span> <span class='ocrx_word' id='word_1_241' title='bbox 1336 2192 1399 2230; x_wconf 91' lang='lat' dir='ltr'>his</span> <span class='ocrx_word' id='word_1_242' title='bbox 1427 2191 1580 2230; x_wconf 85' lang='lat' dir='ltr'>verbis:</span> <span class='ocrx_word' id='word_1_243' title='bbox 1617 2191 1668 2229; x_wconf 86' lang='grc' dir='ltr'>ὧν</span> <span class='ocrx_word' id='word_1_244' title='bbox 1694 2190 1714 2229; x_wconf 82' lang='grc' dir='ltr'>ὁ</span> <span class='ocrx_word' id='word_1_245' title='bbox 1743 2191 1790 2228; x_wconf 86' lang='grc' dir='ltr'>τὰ</span> 
     </span>
     <span class='ocr_line' id='line_1_30' title="bbox 373 2254 1789 2306; baseline -0.001 -12"><span class='ocrx_word' id='word_1_246' title='bbox 373 2256 523 2295; x_wconf 86' lang='grc' dir='ltr'>παλαιὰ</span> <span class='ocrx_word' id='word_1_247' title='bbox 552 2260 695 2301; x_wconf 83' lang='grc' dir='ltr'>καινῶς</span> <span class='ocrx_word' id='word_1_248' title='bbox 724 2256 792 2293; x_wconf 84' lang='grc' dir='ltr'>καὶ</span> <span class='ocrx_word' id='word_1_249' title='bbox 821 2256 868 2293; x_wconf 85' lang='grc' dir='ltr'>τὰ</span> <span class='ocrx_word' id='word_1_250' title='bbox 898 2256 1015 2294; x_wconf 82' lang='grc' dir='ltr'>καινοὶ</span> <span class='ocrx_word' id='word_1_251' title='bbox 1036 2255 1211 2301; x_wconf 84' lang='grc' dir='ltr'>παλαιῶς</span> <span class='ocrx_word' id='word_1_252' title='bbox 1231 2255 1562 2306; x_wconf 86' lang='grc' dir='ltr'>ἐπαγγελλόμενος</span> <span class='ocrx_word' id='word_1_253' title='bbox 1591 2254 1789 2293; x_wconf 80' lang='grc' dir='ltr'>διδάσκειν</span> 
     </span>
     <span class='ocr_line' id='line_1_31' title="bbox 373 2318 1791 2371; baseline -0.002 -12"><span class='ocrx_word' id='word_1_254' title='bbox 373 2320 477 2371; x_wconf 81' lang='grc' dir='ltr'>λέγει</span> <span class='ocrx_word' id='word_1_255' title='bbox 514 2326 578 2358; x_wconf 83' lang='grc' dir='ltr'>νῦν</span> <span class='ocrx_word' id='word_1_256' title='bbox 616 2321 704 2358; x_wconf 87' lang='grc' dir='ltr'>οὔτε</span> <span class='ocrx_word' id='word_1_257' title='bbox 732 2321 801 2365; x_wconf 81' lang='grc' dir='ltr'>τὰς</span> <span class='ocrx_word' id='word_1_258' title='bbox 831 2319 997 2370; x_wconf 84' lang='grc' dir='ltr'>ἀρχαίας</span> <span class='ocrx_word' id='word_1_259' title='bbox 1032 2318 1189 2369; x_wconf 83' lang='grc' dir='ltr'>πράξεις</span> <span class='ocrx_word' id='word_1_260' title='bbox 1225 2321 1313 2358; x_wconf 87' lang='grc' dir='ltr'>οὔτε</span> <span class='ocrx_word' id='word_1_261' title='bbox 1347 2321 1415 2365; x_wconf 77' lang='grc' dir='ltr'>τὰς</span> <span class='ocrx_word' id='word_1_262' title='bbox 1452 2320 1524 2357; x_wconf 83' lang='grc' dir='ltr'>ὑπὸ</span> <span class='ocrx_word' id='word_1_263' title='bbox 1556 2325 1625 2357; x_wconf 85' lang='grc' dir='ltr'>σοῦ</span> <span class='ocrx_word' id='word_1_264' title='bbox 1654 2318 1791 2356; x_wconf 85' lang='grc' dir='ltr'>νεωστὶ</span> 
     </span>
     <span class='ocr_line' id='line_1_32' title="bbox 375 2382 1789 2435; baseline -0.001 -12"><span class='ocrx_word' id='word_1_265' title='bbox 375 2384 716 2435; x_wconf 76' lang='grc' dir='ltr'>διαγωνισθείσας,</span> <span class='ocrx_word' id='word_1_266' title='bbox 753 2385 841 2422; x_wconf 87' lang='grc' dir='ltr'>οὔτε</span> <span class='ocrx_word' id='word_1_267' title='bbox 870 2385 946 2428; x_wconf 80' lang='grc' dir='ltr'>’τὰς</span> <span class='ocrx_word' id='word_1_268' title='bbox 981 2388 1056 2428; x_wconf 85' lang='grc' dir='ltr'>τοῖς</span> <span class='ocrx_word' id='word_1_269' title='bbox 1097 2382 1249 2435; x_wconf 85' lang='grc' dir='ltr'>χρόνοις</span> <span class='ocrx_word' id='word_1_270' title='bbox 1294 2382 1434 2434; x_wconf 79' lang='grc' dir='ltr'>μεταξὺ</span> <span class='ocrx_word' id='word_1_271' title='bbox 1477 2382 1685 2433; x_wconf 83' lang='grc' dir='ltr'>γενομένας</span> <span class='ocrx_word' id='word_1_272' title='bbox 1726 2394 1789 2432; x_wconf 85' lang='grc' dir='ltr'>με·</span> 
     </span>
     <span class='ocr_line' id='line_1_33' title="bbox 375 2445 1788 2500; baseline -0.002 -14"><span class='ocrx_word' id='word_1_273' title='bbox 375 2449 560 2500; x_wconf 77' lang='grc' dir='ltr'>μύθευκε.</span> <span class='ocrx_word' id='word_1_274' title='bbox 619 2449 759 2487; x_wconf 87' lang='lat' dir='ltr'>Prima</span> <span class='ocrx_word' id='word_1_275' title='bbox 789 2448 916 2487; x_wconf 86' lang='lat' dir='ltr'>verba</span> <span class='ocrx_word' id='word_1_276' title='bbox 952 2448 1138 2486; x_wconf 80' lang='lat' dir='ltr'>conferas</span> <span class='ocrx_word' id='word_1_277' title='bbox 1168 2448 1292 2487; x_wconf 92' lang='lat' dir='ltr'>velim</span> <span class='ocrx_word' id='word_1_278' title='bbox 1328 2460 1422 2486; x_wconf 90' lang='lat' dir='ltr'>cum</span> <span class='ocrx_word' id='word_1_279' title='bbox 1452 2447 1646 2486; x_wconf 90' lang='lat' dir='ltr'>Isocratis</span> <span class='ocrx_word' id='word_1_280' title='bbox 1682 2445 1788 2491; x_wconf 90' lang='lat' dir='ltr'>libri,</span> 
     </span>
     <span class='ocr_line' id='line_1_34' title="bbox 374 2509 1788 2564; baseline -0.003 -12"><span class='ocrx_word' id='word_1_281' title='bbox 374 2513 445 2564; x_wconf 92' lang='lat' dir='ltr'>qui</span> <span class='ocrx_word' id='word_1_282' title='bbox 483 2511 755 2564; x_wconf 86' lang='grc' dir='ltr'>Πανηγυρικός</span> <span class='ocrx_word' id='word_1_283' title='bbox 787 2512 1038 2557; x_wconf 87' lang='lat' dir='ltr'>inscribitur,</span> <span class='ocrx_word' id='word_1_284' title='bbox 1080 2512 1216 2563; x_wconf 86' lang='lat' dir='ltr'>capite</span> <span class='ocrx_word' id='word_1_285' title='bbox 1237 2515 1270 2557; x_wconf 93' lang='lat' dir='ltr'>l,</span> <span class='ocrx_word' id='word_1_286' title='bbox 1312 2512 1381 2551; x_wconf 93' lang='lat' dir='ltr'>ubi</span> <span class='ocrx_word' id='word_1_287' title='bbox 1422 2511 1610 2562; x_wconf 85' lang='lat' dir='ltr'>legimus:</span> <span class='ocrx_word' id='word_1_288' title='bbox 1655 2509 1788 2560; x_wconf 86' lang='grc' dir='ltr'>ἐπειδὴ</span> 
     </span>
    </p>
   </div>
   <div class='ocr_carea' id='block_1_3' title="bbox 373 2578 630 2584">
    <p class='ocr_par' dir='ltr' id='par_1_3' title="bbox 373 2578 630 2584">
     <span class='ocr_line' id='line_1_35' title="bbox 373 2578 630 2584; baseline 0 0"><span class='ocrx_word' id='word_1_289' title='bbox 373 2578 630 2584; x_wconf 95' lang='lat' dir='ltr'> </span> 
     </span>
    </p>
   </div>
   <div class='ocr_carea' id='block_1_4' title="bbox 504 2594 1643 2692">
    <p class='ocr_par' dir='ltr' id='par_1_4' title="bbox 504 2594 1643 2692">
     <span class='ocr_line' id='line_1_36' title="bbox 505 2594 1643 2639; baseline -0.003 -10"><span class='ocrx_word' id='word_1_290' title='bbox 505 2599 537 2637; x_wconf 88' lang='grc'>1)</span> <span class='ocrx_word' id='word_1_291' title='bbox 564 2597 616 2629; x_wconf 77' lang='lat' dir='ltr'>De</span> <span class='ocrx_word' id='word_1_292' title='bbox 639 2597 794 2630; x_wconf 84' lang='lat' dir='ltr'>Hercule</span> <span class='ocrx_word' id='word_1_293' title='bbox 818 2596 1077 2638; x_wconf 83' lang='lat' dir='ltr'>maioribusque</span> <span class='ocrx_word' id='word_1_294' title='bbox 1101 2596 1250 2639; x_wconf 85' lang='lat' dir='ltr'>Philippi</span> <span class='ocrx_word' id='word_1_295' title='bbox 1275 2595 1318 2630; x_wconf 82' lang='lat' dir='ltr'>cf.</span> <span class='ocrx_word' id='word_1_296' title='bbox 1345 2596 1451 2628; x_wconf 79' lang='lat' dir='ltr'>etiam</span> <span class='ocrx_word' id='word_1_297' title='bbox 1475 2605 1504 2627; x_wconf 85' lang='lat' dir='ltr'>e.</span> <span class='ocrx_word' id='word_1_298' title='bbox 1522 2595 1573 2627; x_wconf 86' lang='lat'>55.</span> <span class='ocrx_word' id='word_1_299' title='bbox 1591 2594 1643 2627; x_wconf 88' lang='lat'>60.</span> 
     </span>
     <span class='ocr_line' id='line_1_37' title="bbox 504 2649 1068 2692; baseline -0.002 -10"><span class='ocrx_word' id='word_1_300' title='bbox 504 2651 538 2692; x_wconf 87' lang='lat'>2)</span> <span class='ocrx_word' id='word_1_301' title='bbox 562 2649 605 2682; x_wconf 81' lang='lat' dir='ltr'>ef.</span> <span class='ocrx_word' id='word_1_302' title='bbox 634 2650 739 2682; x_wconf 86' lang='lat' dir='ltr'>etiam</span> <span class='ocrx_word' id='word_1_303' title='bbox 764 2650 891 2688; x_wconf 87' lang='lat' dir='ltr'>Obens,</span> <span class='ocrx_word' id='word_1_304' title='bbox 916 2660 948 2692; x_wconf 88' lang='lat' dir='ltr'>p.</span> <span class='ocrx_word' id='word_1_305' title='bbox 967 2650 1068 2691; x_wconf 86' lang='lat' dir='ltr'>39sq.</span> 
     </span>
    </p>
   </div>
  </div>
 </body>
</html>
