2138 3299
1003 297 1262 337 -25-

723 424 760 464 7.
789 423 1083 475 Aristippus
1120 426 1166 464 et
1194 423 1545 465 Antisthenes.

557 498 778 549 Copiosius
805 499 1001 549 epistulae
1023 499 1244 549 loquuntur
1272 499 1322 539 de
1349 499 1562 546 simultate,
1594 511 1697 550 quae
1726 501 1843 540 fuerit

426 562 527 602 inter
554 561 802 613 Aristippum
840 564 878 602 et
905 561 1241 613 Antisthenem²)‚
1280 573 1359 614 qua
1397 563 1614 604 occasione
1650 564 1842 614 epistolo-

427 627 570 677 graphi
607 627 669 666 usi
709 631 802 666 sunt
839 626 889 666 de
928 627 1134 677 utriusque
1169 628 1378 667 sententiis
1408 628 1692 678 philosophiae
1722 629 1842 667 mori-

427 691 587 742 busque
617 691 814 742 permulta
845 690 1027 742 prodere.
1071 690 1228 731 Praeter
1257 692 1336 732 hoc
1371 691 1577 743 utriusque
1607 691 1842 743 philosophi

430 766 522 794 curn
544 754 747 807 Dionysio
768 766 862 806 rege
873 754 903 803 2)
925 759 964 794 et
983 755 1152 795 Simone
1173 754 1347 803 sutore³)
1368 756 1622 796 consuetudo
1646 759 1841 796 tractatur.

558 819 618 860 De
647 818 897 860 Antisthenis
932 819 1011 859 vita
1042 819 1139 859 nihil
1178 819 1254 859 nisi
1291 831 1384 860 eum
1415 819 1567 860 Socrati
1598 820 1841 860 moribundo

428 884 606 923 adfuisse
636 886 717 935 (ep.
744 884 808 935 14)
838 888 1025 931 narratur,
1055 888 1184 924 cetera
1205 884 1255 923 ad
1276 884 1498 924 doctrinam
1529 885 1616 924 eius
1645 888 1683 924 et
1712 884 1842 935 philo—

426 948 597 998 sophiae
627 948 849 988 sententias
869 952 1070 998 spectant;
1101 949 1151 988 de
1172 947 1361 1000 Aristippi
1391 953 1525 989 autem
1556 950 1648 996 vita,
1678 949 1841 997 familia,

426 1011 723 1051 consuetudine
753 1012 880 1051 multo
913 1012 1044 1062 magis
1073 1012 1277 1052 docemur.
1322 1013 1444 1063 Quod
1475 1013 1554 1053 iam
1586 1024 1634 1053 ex
1662 1013 1843 1053 Platonis

426 1076 516 1116 loco
546 1075 778 1117 Phaedonis
807 1075 935 1127 (59C)
965 1076 1165 1119 novimus,
1198 1088 1280 1117 non
1312 1077 1439 1117 adfuit
1459 1077 1612 1118 Socrati
1642 1078 1842 1124 morienti,

427 1140 499 1178 sed
528 1139 710 1190 Aeginae
739 1140 971 1179 versabatur
1001 1151 1092 1179 cum
1124 1140 1386 1181 Cleombroto
1416 1145 1526 1193 (epp.
1553 1143 1611 1181 14.
1640 1142 1717 1190 16).
1748 1142 1842 1181 Pro-

427 1203 564 1243 babile
594 1208 654 1244 est
668 1203 916 1255 Aristippum
948 1208 1040 1255 post
1060 1204 1236 1245 Socratis
1266 1210 1434 1245 mortem
1456 1206 1620 1257 Megara
1653 1206 1731 1246 isse
1762 1207 1842 1256 (ep.

433 1268 499 1307 16:
530 1269 570 1307 ἐν
598 1267 737 1319 Αἰγίνᾳ
766 1268 1010 1320 διατελέομες
1040 1270 1101 1308 ἐπὶ
1121 1275 1187 1307 τοῦ
1207 1270 1408 1320 παρόντος.
1439 1271 1520 1309 εἶτα
1550 1271 1593 1309 δὲ
1621 1269 1713 1321 παρ’
1745 1271 1844 1321 ὑμᾶς

427 1333 512 1384 (qui
532 1333 699 1384 Megara
721 1344 764 1373 se
786 1333 1052 1382 contulerant)
1075 1333 1325 1385 ἀφιξόμεθα).
1357 1333 1530 1385 Saepius
1550 1335 1591 1373 in
1613 1335 1674 1374 his
1694 1334 1843 1385 epistu-

427 1397 475 1437 lis
502 1396 694 1449 Aristippi
724 1398 833 1449 apud
864 1397 1108 1450 Dionysium
1139 1399 1179 1438 in
1207 1398 1342 1439 Sicilia
1371 1400 1660 1439 commorantis
1690 1399 1842 1439 mentio

425 1462 470 1501 tit
507 1465 617 1513 (epp.
639 1462 675 1501 8.
697 1463 734 1502 9.
760 1462 819 1502 10.
846 1463 905 1502 ll.
932 1462 990 1501 12.
1018 1462 1076 1502 13.
1098 1462 1161 1502 23.
1183 1463 1264 1511 29),
1313 1462 1381 1503 ubi
1425 1464 1574 1514 magna
1611 1463 1842 1503 auctoritate

427 1526 720 1577 philosophum
749 1526 874 1566 fuisse
903 1527 1021 1566 variis
1049 1527 1291 1566 testimoniis
1321 1526 1633 1576 confirmatum).
1689 1527 1730 1566 ln
1761 1527 1842 1578 epi-

429 1590 533 1629 stula
550 1590 601 1628 29
623 1601 705 1629 non
726 1601 855 1641 pauca
871 1591 1072 1641 leguntur,
1093 1602 1196 1641 quae
1214 1591 1266 1630 ad
1285 1590 1475 1642 Aristippi
1496 1592 1583 1631 dies
1603 1595 1843 1641 postremos,

428 1658 641 1705 cognatos,
672 1654 895 1695 doctrinam
926 1655 1137 1706 pertinent.
1168 1655 1238 1695 Est
1267 1656 1374 1695 enirn
1405 1655 1577 1706 epistula
1607 1655 1843 1706 philosophi

428 1719 479 1759 ad
508 1718 653 1760 Areten
682 1719 806 1759 filiam
830 1720 965 1768 missa,
995 1731 1100 1771 quae
1131 1721 1206 1760 sub
1229 1720 1395 1760 nomine
1425 1720 1730 1771 μητροδίδακτος
1759 1731 1844 1760 non

427 1784 566 1834 ignota
588 1783 699 1834 est⁵)‚
722 1795 802 1835 qua
823 1795 863 1824 re
884 1784 1081 1835 epistulae
1104 1788 1242 1824 auctor
1258 1785 1602 1832 commovebatur,
1624 1786 1666 1823 ut
1681 1784 1845 1834 saepius

559 1870 591 1911 1)
617 1869 660 1902 cf.
687 1879 742 1902 ex,
767 1881 796 1902 c.
816 1870 916 1912 epist.
938 1871 958 1902 9
981 1870 1087 1902 verba
1111 1870 1244 1902 ironice
1269 1869 1379 1902 dicta:
1409 1870 1445 1902 εὖ
1468 1870 1523 1902 οὖν
1546 1872 1645 1903 ποιεῖς
1668 1870 1847 1910 ἀχθόμενος

426 1924 475 1956 ἐπὶ
498 1926 537 1966 τᾷ
562 1925 782 1967 κακοδαιμονίᾳ
805 1928 869 1956 τῶν
892 1924 1006 1956 ἄλλων.
1039 1925 1128 1965 κάγὼ
1152 1925 1188 1956 δὲ
1218 1924 1267 1956 ἐπὶ
1290 1926 1331 1966 τᾷ
1355 1920 1395 1966 σᾷ
1418 1925 1600 1965 εὐδαιμονίᾳ
1624 1923 1742 1962 ἅδομαι
1766 1948 1773 1955 .
1800 1946 1807 1955 .

427 1981 462 2009 et
492 1977 594 2019 epist.
625 1978 681 2010 13:
720 1977 933 2021 Ἀντισθένης
960 1979 996 2010 δὲ
1026 1979 1240 2020 γυμνοποδῶν,
1276 1979 1396 2010 πείθων
1424 1979 1489 2010 τὼς
1518 1979 1598 2010 νέως
1624 1977 1673 2009 καὶ
1705 1978 1847 2009 «induras

428 2031 621 2074 Ἀθηναίως
641 2033 862 2073 γυμνοποδεῒν.

559 2085 595 2124 2)
621 2084 667 2117 cf.
693 2085 862 2127 imprimis
887 2086 990 2127 epist.
1017 2085 1048 2117 9.

559 2139 593 2179 3)
617 2148 694 2181 epp.
722 2140 752 2172 9.
782 2140 832 2171 11.
865 2139 915 2171 12.
945 2140 995 2172 13.

558 2194 595 2233 4)
619 2192 659 2224 In
685 2193 786 2234 epist.
807 2194 827 2225 9
853 2193 1021 2235 Aristippi
1036 2204 1116 2226 cum
1132 2192 1306 2236 Dionysio
1325 2203 1410 2235 rege
1428 2191 1649 2225 consuetudo
1674 2191 1844 2229 illuditur,

428 2246 489 2288 qm·
526 2246 557 2278 ei
592 2245 738 2279 dederat
776 2256 921 2279 munera
958 2246 1079 2286 multa,
1118 2247 1246 2289 quibus
1277 2257 1348 2279 non
1381 2246 1578 2278 delectetur
1606 2245 1845 2288 philosophus.

427 2299 591 2341 Epistula
621 2309 711 2341 quae
745 2300 914 2342 sequitur.
948 2300 1096 2333 iuvenes
1126 2300 1321 2334 Locrenses
1359 2300 1402 2332 ab
1433 2300 1613 2341 Aristippo
1647 2301 1843 2331 servantur.

428 2352 546 2385 Obens
574 2355 621 2395 (p.
644 2354 698 2392 19)
732 2352 818 2386 dicit
841 2354 974 2395 optime
997 2353 1084 2385 illud
1113 2364 1227 2395 genus
1253 2353 1583 2386 commendaticium
1607 2351 1764 2383 adhiberi
1785 2362 1845 2392 po-

427 2407 549 2446 tuisse,
581 2416 662 2440 cum
685 2406 880 2449 Dionysius
906 2410 1002 2439 esset
1025 2406 1164 2440 Doridis
1189 2407 1376 2440 Locrensis
1406 2405 1515 2438 filius.
1562 2404 1734 2447 Equidem
1759 2406 1845 2447 puto

428 2461 561 2494 Locros
577 2461 674 2494 nulla
687 2461 756 2494 alia
773 2471 880 2495 causa
897 2461 1097 2494 nominatos
1113 2471 1190 2495 esse
1202 2462 1271 2494 nisi
1287 2461 1368 2503 quia
1384 2469 1509 2493 omnes
1525 2463 1597 2492 tres
1609 2458 1845 2502 philosophos,

428 2515 487 2557 qui
510 2515 574 2547 hac
601 2516 752 2557 epistula
769 2518 953 2552 vocantur,
977 2515 1071 2547 illam
1088 2516 1212 2548 Italiae
1234 2515 1356 2546 urbem
1374 2514 1536 2546 visitasse
1561 2512 1845 2554 epistolographo

427 2578 636 2611 persuasum
661 2568 771 2602 fuisse
795 2568 949 2601 videtur.

559 2624 594 2663 5)
616 2622 720 2664 Diog.
737 2623 776 2655 L.
799 2623 836 2654 11
855 2624 907 2654 72.
929 2623 972 2655 86
989 2623 1156 2664 alibique;
1177 2623 1221 2655 cf.
1239 2622 1373 2664 Natorp
1388 2620 1526 2654 PWRE
1543 2619 1590 2652 Π.
1610 2621 1624 2652 l
1643 2630 1669 2651 s.
1688 2619 1794 2652 Arete
1813 2619 1843 2651 3.

425 2675 551 2713 Zeller,
575 2675 663 2708 Phil.
690 2675 722 2708 d.
747 2676 805 2708 Grr.
831 2676 907 2708 Ha·
931 2676 1044 2716 34o,4.
