2138 3299
924 311 1219 352 —108-

364 438 686 491 συσσωφρονήσω
714 438 767 478 ad
795 438 1060 490 proverbium
1085 439 1299 480 referenda
1324 452 1411 480 esse
1432 439 1640 488 videntur,
1668 443 1780 494 quod

364 502 542 542 occurrit
567 502 611 541 in
636 501 825 542 versibus
851 503 1076 543 notissimis
1102 503 1219 553 his¹):

499 567 568 606 σύν
597 580 660 618 μοι
686 572 783 614 πῖνε,
814 567 978 620 συνήβα,
1008 568 1164 620 συνέρα,
1195 570 1539 621 σὺστεφανηφόρει,

499 632 568 670 σύν
598 644 661 683 μοι
689 632 905 684 μαινομένῳ
935 632 1079 684 μαίνεο,
1110 634 1180 671 σὺν
1210 633 1382 684 σώφρονι
1411 634 1611 685 σωφρόνει.

912 792 1230 854 Appendix.

498 877 748 929 Appendicis
773 878 862 918 loco
887 878 1062 918 afferam
1085 878 1378 918 nonnullarum
1401 878 1673 930 epistularum
1699 881 1777 929 (29.

366 944 426 981 30.
447 945 508 981 31.
529 944 590 981 35.
612 944 678 992 36)
695 941 889 982 lectiones
905 941 1055 994 quibuc
1073 942 1243 983 differat
1258 943 1389 983 codex
1404 942 1630 983 Vaticanus
1645 956 1777 996 graec.

366 1009 417 1044 64
439 1007 559 1054 (saec.
582 1006 712 1055 XIII)
730 1028 784 1036 —
802 1007 854 1047 de
873 1019 956 1058 quo
975 1006 1084 1045 inira
1102 1006 1239 1047 dicam
1256 1030 1309 1036 -
1328 1007 1382 1047 ab
1400 1006 1582 1046 editione
1602 1007 1781 1046 Herche-

364 1080 494 1107 nana.

495 1134 634 1174 Antea
694 1137 837 1173 autem
898 1135 949 1175 de
1013 1133 1223 1175 codicibus
1284 1133 1575 1185 manuscriptis
1630 1133 1781 1186 quibus

364 1200 556 1255 servatae
576 1201 676 1236 sunt
701 1197 881 1236 Socratis
902 1201 946 1236 et
969 1197 1273 1237 Socraticorum
1294 1197 1495 1249 epistulae
1516 1197 1644 1237 verba
1666 1210 1780 1249 prae—

364 1261 531 1300 mittere
548 1261 682 1300 liceat.
722 1261 895 1301 Orellius
915 1266 1077 1313 praeter
1096 1261 1235 1301 Allatii
1256 1261 1481 1301 editionem
1499 1261 1617 1314 quasi
1636 1275 1779 1301 manu-

363 1325 566 1377 scriptum
602 1326 898 1366 tantummodo
935 1325 1118 1367 codicem
1154 1326 1368 1378 quondam
1405 1325 1781 1366 Helmstadiensem

362 1402 472 1429 nunc
489 1389 818 1441 Gottingensem‚
835 1390 1017 1429 Hercher
1032 1389 1076 1429 in
1088 1390 1530 1442 Epistolographorum
1542 1402 1782 1442 graec-orum

364 1453 605 1494 collectione
637 1453 871 1494 Parisinum
896 1457 997 1494 3054
1024 1455 1090 1504 (Ρ)
1121 1458 1164 1494 et
1193 1454 1413 1506 gemellum
1444 1453 1627 1495 codicem
1660 1455 1780 1494 Guel-

363 1518 633 1569 ferbytanum
657 1519 728 1568 (G)
751 1519 804 1559 ad
826 1522 993 1558 textum
1012 1518 1320 1559 emendandum
1340 1517 1578 1568 adhibuiffl).
1623 1519 1780 1558 Tamen

366 1582 543 1635 plurima
564 1582 740 1634 pessime
758 1583 877 1622 nobis
896 1587 1063 1622 servata
1081 1586 1193 1629 sunt,
1214 1586 1263 1622 ut
1282 1582 1492 1623 variarum
1510 1582 1780 1635 epistularum

365 1646 583 1699 (imprimis
599 1660 692 1699 epp.
717 1651 775 1686 14.
797 1650 858 1686 29.
880 1650 941 1687 35.
963 1650 1029 1698 36)
1046 1647 1242 1686 lectiones
1259 1647 1382 1686 hodie
1399 1647 1644 1687 obscuratae
1661 1646 1779 1687 nobis

363 1716 600 1758 occurrant;
627 1711 731 1763 quin
755 1712 884 1752 etiam
909 1712 1112 1763 epistulae
1139 1715 1187 1753 37
1215 1716 1507 1763 argumentum
1533 1712 1668 1752 adhuc
1694 1724 1779 1751 om-

362 1775 461 1815 nino
488 1788 573 1814 non
599 1780 729 1827 patet.
786 1776 1027 1815 Hermanno
1059 1775 1243 1815 Schoene
1269 1775 1551 1816 intercedente
1577 1775 1632 1816 ad
1660 1787 1781 1814 usum

363 1852 503 1879 meum
521 1839 697 1891 benigne
715 1840 1026 1881 commendavit
1046 1840 1169 1891 Hugo
1191 1840 1308 1880 Rabe
1327 1839 1510 1880 codicem
1528 1839 1781 1879 Vaticanum

363 1915 497 1954 graec.
527 1907 590 1950 64,
617 1903 688 1956 qui
714 1904 933 1943 nonnullas
959 1903 1128 1956 quidem
1153 1903 1253 1943 alias
1278 1903 1473 1943 lectiones
1499 1903 1683 1955 praebet,
1709 1903 1779 1943 sed

362 1972 411 2008 ut
441 1972 673 2007 ceterorum
704 1968 864 2020 aliquot
895 1968 1084 2009 codicum
1115 1968 1248 2007 nullas
1279 1967 1620 2019 praescriptiones
1651 1967 1781 2006 habet

361 2033 594 2084 eademque
617 2032 769 2074 menda
792 2031 1025 2083 continet⁸).
1075 2031 1297 2073 Verbosius
1320 2032 1372 2073 de
1395 2032 1472 2071 hoc
1496 2030 1635 2073 codice
1657 2030 1781 2072 disse-

361 2098 446 2137 ruit
473 2098 737 2137 Hermannus
764 2098 968 2146 Usener⁴).
1022 2097 1251 2148 Imaginem
1277 2096 1548 2148 phototypice
1572 2095 1781 2147 depictam

363 2161 574 2200 variarum
596 2160 869 2212 epistularum
894 2163 972 2210 (15.
1000 2163 1062 2200 29.
1090 2163 1150 2200 30.
1178 2163 1239 2200 31.
1267 2163 1329 2200 32.
1357 2163 1418 2200 33.
1446 2163 1507 2199 34.
1535 2163 1596 2199 35.
1624 2162 1685 2199 36.
1713 2162 1778 2209 37)

362 2238 415 2264 ex
443 2224 695 2264 bibliotheca
726 2225 927 2263 Vaticana
955 2226 1146 2264 Romana
1174 2224 1340 2263 missam
1370 2223 1542 2274 inspexi.

494 2310 527 2350 1)
551 2308 670 2346 Orelli,
694 2318 774 2351 pag.
792 2308 867 2341 287.

491 2364 526 2404 2)
550 2361 624 2396 vid.
645 2362 773 2395 Herch.
799 2360 908 2405 praef.
934 2373 967 2405 p.
985 2361 1097 2396 LVII.

490 2417 526 2457 3)
550 2416 594 2450 cf.
618 2426 673 2459 ep.
691 2416 734 2449 30
756 2426 893 2459 paragr.
911 2416 932 2448 8
955 2416 1083 2449 Herch.
1116 2417 1174 2449 τὰς
1195 2417 1252 2448 δύο
1276 2415 1412 2448 Φωκέων
1437 2417 1577 2458 ψήφους.
1609 2415 1653 2447 ὧν
1677 2437 1684 2446 .
1705 2437 1713 2446 .
1732 2437 1740 2446 .

362 2471 421 2504 ubi
445 2471 480 2503 in
500 2470 600 2504 libris
621 2470 871 2514 manuscriptis
891 2469 1042 2514 legiturz
1065 2471 1124 2505 τὰς
1144 2471 1181 2503 δὲ
1202 2468 1338 2503 Φωκέων
1363 2471 1504 2513 ψήφους,
1527 2469 1581 2502 ὧν.

491 2524 528 2565 4)
550 2524 666 2557 Jahns
690 2524 812 2559 Jahrb.
835 2524 862 2557 f.
879 2524 969 2556 Phil.
985 2534 1023 2556 u.
1040 2523 1172 2566 Padag.
1196 2524 1225 2555 1.
1243 2523 1326 2556 Abt.
1352 2523 1447 2561 1873,
1472 2524 1498 2555 t.
1515 2522 1590 2559 107,
1613 2521 1774 2564 p.164sq.

362 2579 443 2612 Hoc
454 2577 576 2611 codice
587 2580 725 2621 praeter
738 2578 909 2620 epistulas
922 2577 1076 2611 Socratis
1092 2580 1129 2610 et
1141 2576 1402 2610 Socraticorum
1416 2576 1553 2619 (1—20.
1568 2576 1623 2609 24.
1636 2575 1777 2609 27-30.

361 2632 414 2665 35.
433 2631 485 2665 36.
503 2631 557 2664 32.
572 2631 625 2664 33.
641 2630 694 2668 37,
718 2630 741 2663 f.
757 2630 821 2664 215
830 2632 898 2673 sq.)
923 2631 1031 2664 etiam
1048 2631 1231 2674 epistulae,
1247 2630 1435 2668 orationes,
1459 2630 1588 2674 scripta
1602 2629 1779 2667 Isocratis,

360 2685 510 2723 Libanii,
534 2684 687 2720 Joannis
709 2683 912 2723 Pediasimi‚
936 2684 1088 2727 Synesii,
1114 2684 1300 2717 Aeschinis
1322 2684 1471 2717 oratoris
1494 2683 1733 2717 continentur.
