2138 3299
934 306 1201 346 ,ιο-

355 432 539 482 degisse;
579 444 711 483 neque
742 435 961 473 memoriae
999 435 1184 473 traditum
1216 440 1276 474 est
1314 446 1445 485 neque
1476 437 1685 486 probabile
1714 438 1768 476 vi-

356 497 470 537 detur
505 498 615 537 illum
646 497 824 548 Megaris
860 503 1057 540 versatum
1096 509 1198 546 esse,
1237 510 1327 538 cum
1365 499 1620 547 Aeschinem,
1660 505 1768 551 post-

356 572 477 612 quam
509 561 695 601 Socrates
731 563 810 601 vita
849 563 1030 609 excessit,
1069 573 1119 602 ne
1157 563 1303 602 eodem
1341 564 1423 602 fato
1453 563 1689 607 afficeretur,
1727 565 1768 603 in

356 636 497 665 eorum
518 637 688 666 numero
709 626 847 674 fuisse,
868 627 937 677 qui
958 626 1010 666 ad
1026 627 1235 667 Euclidem
1252 627 1417 678 Megara
1441 639 1484 667 se
1505 628 1768 675 contulerant,

356 690 444 729 aliis
460 701 625 741 quoque
642 691 885 731 testimoniis
901 691 1086 730 affirmari
1099 691 1280 730 videatur
1290 691 1334 739 1).
1352 691 1500 731 Nescio
1518 703 1568 731 an
1586 691 1768 742 ineptum

357 754 407 793 sit
435 753 692 802 Aeschinem,
723 766 815 794 cum
845 755 962 794 fuerit
991 755 1324 806 pauperrimus2),
1354 755 1529 795 Socratis
1559 755 1767 794 mulierem

357 819 615 858 adiuvantem
648 819 798 866 induci,
828 819 900 858 sed
929 830 977 859 ex
994 820 1190 870 epistulae
1211 820 1343 859 verbis
1364 820 1462 870 ipsis
1489 820 1618 859 elucet
1638 819 1768 870 philo-

356 883 533 933 sophum
572 883 683 922 illum
727 883 892 921 minima
934 894 982 922 ex
1028 887 1138 933 parte
1178 883 1376 922 beneficia
1417 883 1649 929 contulisse,
1696 883 1768 922 sed

357 947 496 986 ceteris
525 947 676 993 amicis,
707 947 903 997 imprimis
932 946 1098 987 Euclide
1128 951 1166 987 et
1185 946 1419 998 Terpsione,
1450 947 1768 987 sublevantibus.

354 1010 486 1061 Atque
515 1022 610 1050 vero
640 1011 758 1050 stulte
789 1011 893 1050 dicta
914 1016 1050 1050 essent
1079 1012 1198 1050 verba
1229 1013 1271 1049 οὐ
1300 1013 1376 1061 γὰρ
1397 1012 1529 1062 πόρρω
1551 1013 1653 1050 ἐστὶν
1675 1012 1770 1049 ἰέναι

355 1075 407 1119 εἰς
435 1074 613 1125 Μέγαρα,
643 1075 676 1113 si
705 1074 937 1125 Xenophon
968 1075 1007 1113 in
1030 1075 1316 1125 Peloponneso
1347 1086 1511 1115 morans
1539 1075 1767 1125 fingeretur.

355 1138 540 1177 Ceterum
563 1150 712 1178 censeo
724 1138 755 1181 ³)
773 1139 1013 1178 Aeschinem
1033 1140 1168 1188 potius
1184 1140 1234 1178 ad
1250 1139 1510 1189 Xanthippen
1528 1140 1768 1179 scribentem

354 1202 455 1252 fingi
485 1203 679 1253 potuisse,
711 1203 804 1253 quia
836 1203 955 1242 etiam
988 1203 1088 1242 aliae
1118 1203 1328 1242 exstabant
1356 1203 1517 1242 fabulae
1548 1203 1598 1242 de
1628 1214 1767 1242 eorum

355 1266 663 1306 consuetudine.
694 1266 744 1305 At
764 1266 1135 1317 Xenophontem⁴)‚
1157 1267 1234 1317 vqui
1259 1267 1299 1305 in
1320 1267 1656 1306 Memorabilibus
1685 1267 1769 1305 suis

355 1331 576 1381 pessimum
619 1331 669 1370 de
698 1330 874 1371 Socratis
917 1342 1040 1371 uxore
1082 1331 1275 1370 iudicium
1318 1331 1492 1381 protulit,
1533 1330 1624 1370 talia
1663 1331 1768 1370 lenia

355 1397 475 1445 atque
505 1396 748 1434 amicissima
779 1396 899 1434 verba
929 1396 980 1434 ad
1011 1406 1100 1434 eam
1131 1395 1292 1434 dedisse
1322 1396 1414 1445 quis
1443 1397 1502 1434 est
1531 1396 1601 1445 qui
1631 1396 1768 1445 putet?

354 1482 403 1487 -
435 1459 528 1499 item
561 1459 755 1510 epistulae
777 1459 826 1498 22
857 1461 1061 1499 auctorem
1093 1459 1246 1498 nullum
1278 1458 1401 1498 alium
1431 1459 1506 1499 nisi
1527 1459 1768 1498 Aeschinem

354 1523 455 1572 fingi
476 1524 574 1561 mihi
597 1524 868 1573 persuadetur.
899 1523 1087 1572 Inscripta
1104 1525 1164 1562 est
1179 1522 1325 1574 Κέβητι
1339 1525 1407 1560 καὶ
1422 1522 1578 1574 Σιμμίᾳ,
1596 1533 1767 1573 quorum

356 1586 653 1625 consuetudine
682 1586 925 1625 Aeschinem
963 1586 1151 1636 Megaris,
1190 1591 1233 1625 ut
1269 1587 1389 1625 etiam
1426 1586 1606 1631 Athenis,
1650 1597 1768 1625 usum

356 1661 445 1689 esse
481 1650 593 1689 testis
630 1654 690 1688 est
721 1649 930 1700 Diogenes
960 1649 1187 1696 Laertius5),
1227 1650 1295 1699 qui
1331 1661 1424 1689 eum
1455 1650 1642 1700 dialogos
1671 1660 1770 1688 suos

355 1713 567 1753 sodalibus
588 1713 802 1753 Socraticis
829 1714 990 1753 recitare
1020 1713 1183 1752 solitum
1214 1724 1303 1753 esse
1334 1715 1474 1753 narrat.
1506 1713 1662 1753 Praeter
1690 1714 1769 1752 hoc

353 1778 472 1816 verba
511 1788 616 1827 quae
646 1777 761 1816 initio
791 1778 980 1827 leguntur
1017 1777 1069 1828 μὴ
1099 1777 1225 1815 πολλὰ
1261 1778 1360 1828 ἔχων
1390 1777 1516 1815 πολλὰ
1545 1778 1770 1826 κεκτῆσθαι

354 1842 401 1881 δι’
419 1843 518 1894 ὑμᾶς
532 1843 618 1888 τοὺς
632 1841 774 1892 φίλους,
790 1842 923 1887 οἵτινες
939 1841 1190 1893 ἐπιμελεῖσθε
1206 1840 1370 1893 ἡμῶνθ),
1387 1841 1439 1881 ad
1454 1841 1768 1892 Xenophontem

354 1907 485 1946 referri
516 1918 598 1946 non
631 1913 816 1957 possunt,
848 1908 889 1945 ut
919 1907 1052 1952 etiam,
1091 1906 1202 1956 quod
1234 1906 1391 1945 nuntiat
1428 1910 1566 1945 auctor
1603 1906 1653 1945 de
1683 1905 1768 1944 Pla-

487 2035 520 2073 1)
545 2032 588 2065 cf.
614 2032 719 2073 Diog.
744 2032 784 2064 L.
810 2033 847 2064 11
866 2033 921 2064 62.
953 2032 1120 2064 Libanius
1149 2032 1237 2074 apol.
1270 2031 1365 2064 Socr.
1392 2042 1421 2064 o.
1452 2033 1514 2063 175
1537 2032 1590 2063 ed.
1616 2032 1767 2063 Forster.

484 2087 519 2127 2)
543 2086 647 2128 Diog.
664 2086 703 2117 L.
721 2086 759 2116 ΙΙ
778 2087 830 2117 34.
851 2087 904 2117 62.
931 2086 1052 2117 Senec.
1079 2085 1122 2117 de
1139 2085 1286 2117 benefic.
1316 2085 1331 2115 [
1349 2086 1380 2116 8.
1410 2084 1454 2116 ef.
1480 2085 1585 2116 etiam
1604 2084 1767 2117 Guilelm.

356 2141 535 2179 Croenert,
553 2139 679 2171 Rhein.
699 2139 790 2171 Mus.
810 2139 919 2175 LVII,
942 2140 1038 2175 1902,
1056 2150 1086 2181 p.
1104 2140 1232 2180 286sq:
1259 2138 1334 2171 Βίος
1345 2139 1552 2173 Σωκοάτουςῑ
1578 2139 1636 2170 ὑπὸ
1653 2139 1766 2171 πενίας.

485 2194 518 2233 3)
544 2192 588 2225 cf.
614 2193 718 2234 Diog.
744 2193 783 2224 L.
801 2193 836 2224 ΙΙ
850 2193 904 2224 60.

484 2247 519 2287 4)
542 2246 736 2277 Memorab.
764 2246 798 2276 ΙΙ
815 2246 845 2277 2.
862 2247 891 2276 7.
917 2245 1066 2278 Conviv.
1084 2245 1117 2276 11
1133 2247 1184 2277 10.

484 2302 519 2339 5)
544 2300 580 2331 II
594 2301 648 2332 62.

484 2355 519 2393 6)
542 2353 660 2384 Verba
685 2357 786 2384 ταῦτα
810 2353 864 2384 οὖν
887 2354 964 2392 λάβε
986 2354 1035 2384 καὶ
1058 2353 1124 2384 ἴσθι
1144 2352 1309 2394 Εὐκλείδην
1322 2353 1372 2384 καὶ
1394 2352 1559 2393 Τερψίωνα
1584 2354 1663 2384 πάνυ
1685 2353 1782 2383 καλώ.

354 2419 390 2439 τε
404 2408 538 2449 κάγαθὰ,
554 2406 649 2448 ἄνδρε
664 2408 714 2438 καὶ
737 2408 790 2439 σοι’
803 2419 838 2438 τε
853 2407 902 2438 καὶ
917 2407 1080 2448 Σωκράτει
1096 2406 1177 2439 εόνω
1200 2409 1234 2437 et
1252 2409 1317 2438 cet.
1337 2405 1591 2447 perlustrantur
1608 2406 1768 2447 epistolo-

353 2461 525 2501 graphum
555 2461 620 2491 hos
649 2461 745 2492 viros
776 2464 1107 2492 commemorantem
1141 2460 1188 2490 nil
1216 2459 1311 2490 aliud
1336 2461 1516 2500 spectasse
1548 2459 1614 2490 nisi
1648 2461 1690 2490 ut
1714 2458 1771 2490 de-

354 2516 566 2545 monstraret
579 2524 641 2545 eos
657 2514 880 2556 potissimum
894 2512 1116 2554 Xanthippen
1135 2512 1336 2548 adiuvasse;
1354 2511 1627 2554 Xenophontem
1640 2514 1769 2550 autem,

353 2570 394 2598 ut
418 2570 492 2598 erat
514 2566 624 2605 dives,
657 2567 772 2599 solum
799 2567 894 2598 illam
920 2567 1067 2599 miseriis
1091 2566 1208 2598 levare
1232 2566 1391 2607 potuisse
1417 2566 1452 2596 in
1478 2568 1643 2607 promptu
1665 2565 1771 2596 mani-

353 2620 557 2662 festumque
581 2625 645 2653 est.
