2138 3299
969 316 1232 356 ...40-

383 441 523 487 missa,
559 443 740 482 secunda
774 442 896 482 huius
933 443 1234 482 dissertationis
1276 447 1395 494 parte
1431 444 1644 494 complura
1677 445 1805 483 verba

385 506 550 545 faciam.

520 572 739 610 Praeterea
760 572 913 610 multos
935 572 1118 622 dialogos
1140 573 1205 610 vel
1226 572 1393 622 scripta,
1415 572 1449 611 si
1470 585 1552 611 non
1574 573 1803 617 nominata,

387 639 576 673 attamen
594 635 731 674 verbis
750 639 790 674 et
809 636 1025 674 sententiis
1044 637 1141 686 ipsis
1159 640 1307 675 notata
1325 649 1350 674 a
1365 636 1634 686 scriptoribus
1651 637 1804 686 epistu—

385 698 519 737 larum
556 698 862 740 Socraticarum
897 700 1085 739 adhibita
1118 700 1183 739 vel
1216 701 1272 739 eis
1305 704 1406 739 nota
1438 700 1562 739 fuisse
1595 700 1805 738 affirmare

388 763 599 802 debemus.
617 764 710 803 Non
725 765 858 803 solum
870 765 1068 810 Platonis,
1083 765 1155 804 sed
1169 766 1296 804 etiam
1312 765 1600 815 Xenophontis
1615 764 1804 803 aliorum-

389 841 471 878 que
490 828 688 868 librorum
707 829 785 868 loci
804 842 886 868 non
906 830 1027 880 pauci
1045 830 1323 880 reperiuntur;
1344 829 1531 868 conferas
1549 841 1634 868 exc.
1657 841 1689 867 e.
1711 841 1802 879 epp.

391 895 421 929 1.
444 895 501 930 14.
525 895 581 930 15.
605 896 662 930 16.
686 896 742 932 17.
792 893 871 931 Sed
902 906 1009 943 quae
1029 906 1111 931 non
1145 894 1354 943 extemplo
1376 894 1568 932 omnibus
1591 893 1805 943 perspicua

385 955 482 1000 sint,
512 968 587 1004 ego
616 956 691 994 hoc
721 956 810 995 loco
839 957 1089 1007 perlustrare
1118 957 1310 995 conabor.

744 1076 802 1110 18.
834 1073 1144 1112 Antisthenis
1173 1073 1449 1112 Archelaus.

523 1147 715 1196 Epistula
735 1148 868 1197 prima
890 1148 1079 1186 Socrates
1100 1149 1152 1186 ab
1172 1149 1385 1192 Archelao,
1408 1148 1679 1187 Macedonum
1699 1160 1804 1197 rege,

389 1213 559 1259 rogatus
581 1214 627 1248 ut
649 1210 702 1249 ad
722 1223 765 1249 se
784 1211 921 1261 ipsum
942 1212 1115 1256 veniret,
1143 1224 1186 1250 se
1206 1224 1288 1250 non
1310 1212 1600 1250 oboediturum
1620 1224 1706 1250 esse
1727 1211 1805 1249 elo-

388 1274 543 1323 quitur.
578 1275 697 1313 Hanc
715 1275 936 1325 epistulam
953 1277 1285 1315 commenticiam
1302 1287 1388 1315 esse
1404 1289 1486 1314 non
1503 1280 1565 1314 est
1583 1276 1653 1326 qui
1670 1279 1805 1325 neget,

387 1337 486 1387 quia
499 1338 640 1383 verba,
652 1338 802 1389 quibus
817 1352 915 1378 usus
928 1352 1015 1378 esse
1029 1340 1181 1378 dicitur
1194 1340 1475 1390 philosophus,
1490 1340 1561 1378 vix
1576 1339 1628 1377 ab
1641 1339 1807 1378 homine

387 1402 571 1451 quodam
599 1403 785 1442 adhiberi
813 1408 1039 1454 potuerunt
1067 1408 1213 1442 contra
1238 1417 1385 1454 regem.
1441 1403 1729 1443 Consimilibus
1757 1403 1807 1441 de

386 1466 519 1503 causis
535 1466 663 1505 etiam
678 1479 785 1517 quae
808 1468 1075 1517 proferuntur
1097 1468 1208 1518 apud
1232 1468 1407 1506 Dionem
1431 1467 1806 1518 Chrysostomuml)

388 1529 572 1580 aliosque
589 1542 672 1569 non
691 1531 922 1581 probabilia
938 1535 1048 1570 sunt.
1092 1532 1184 1583 Qua
1200 1545 1242 1570 re
1259 1531 1595 1582 investigandum
1612 1535 1687 1576 est,
1706 1543 1807 1569 num

388 1593 638 1632 Archelaum
666 1607 852 1646 unquam
883 1596 1095 1635 Socratem
1124 1601 1170 1635 ut
1200 1597 1253 1635 ad
1279 1609 1322 1634 se
1350 1596 1509 1634 veniret
1538 1596 1807 1634 adhortatum

373 1664 476 1696 ‘esse
495 1657 737 1697 infitiemur.
778 1660 938 1698 Testari
960 1664 1099 1699 autern
1120 1661 1195 1699 hoc
1217 1660 1383 1698 videtur
1403 1659 1643 1698 Aristoteles
1665 1659 1804 1706 (Rhet.

393 1721 435 1759 ΙΙ
458 1724 507 1760 23
526 1734 564 1771 p.
590 1724 689 1761 1398
708 1723 905 1771 Bekker):
936 1726 1005 1763 καὶ
1024 1725 1070 1764 δι’
1096 1727 1115 1763 ὃ
1135 1725 1348 1775 Σωκράτης
1368 1727 1440 1763 οὐκ
1460 1726 1533 1774 ἔφη
1563 1724 1729 1776 βαδίζειν
1758 1724 1808 1770 ὡς

392 1785 616 1837 Ἀρχέλαον
641 1801 647 1807 ·
673 1788 778 1840 ὕβριν
816 1791 891 1840 γὰρ
928 1791 1001 1840 ἔφη
1040 1791 1135 1828 εἶναι
1179 1791 1220 1828 τὸ
1258 1790 1310 1841 μὴ
1349 1790 1545 1828 δύνασθαι
1581 1789 1808 1840 ἀμύνασθαι

388 1851 526 1901 ὁμοίως
541 1853 583 1890 εὖ
600 1852 780 1891 παθόντα
798 1854 930 1904 ὥσπερ
946 1856 1013 1892 καὶ
1028 1854 1209 1902 κακῶςῖ).
1222 1853 1288 1891 Ad
1304 1853 1394 1897 hoc,
1406 1856 1452 1891 ut
1468 1852 1593 1890 refert
1605 1852 1807 1901 Diogenes

391 1914 580 1954 Laertius
601 1915 658 1954 VI
681 1918 740 1961 18,
761 1916 948 1967 dialogus
968 1917 1047 1956 fuit
1063 1917 1366 1962 Anthisthenis,
1388 1916 1459 1967 qui
1477 1916 1701 1967 inscriptus
1720 1920 1808 1955 erat

386 1978 623 2031 Ἀρχέλαος,
635 1993 718 2030 quo
731 1981 951 2031 scriptores
963 1982 1207 2031 posteriores
1222 1986 1348 2032 atque
1362 1981 1564 2031 epistulae
1576 1980 1809 2018 Socraticae

389 2043 636 2092 auctorem³)
658 2056 753 2083 usos
773 2057 860 2083 esse
880 2058 977 2084 vero
998 2046 1232 2096 proximum
1251 2058 1338 2084 esse
1358 2045 1535 2084 videtur.
1575 2044 1807 2095 Conspicia-

389 2118 482 2144 mus
499 2106 638 2156 igitur,
657 2120 765 2157 quae
781 2109 888 2146 ratio
905 2110 1178 2148 intercesserit
1196 2110 1303 2148 inter
1320 2110 1424 2147 hanc
1443 2108 1664 2158 epistulam
1682 2112 1808 2158 atque

390 2169 614 2219 dialogum,
644 2171 716 2221 qui
743 2171 982 2211 Antistheni
1010 2173 1269 2213 adscribitur.
1325 2173 1423 2211 Tres
1450 2172 1729 2220 sententiae4),
1758 2172 1809 2211 de

526 2257 558 2295 1)
583 2259 670 2288 orat.
699 2256 792 2288 XIII
810 2257 862 2289 30.
888 2258 914 2294 I,
940 2269 970 2299 p.
990 2258 1052 2290 187
1075 2258 1130 2291 ed.
1154 2259 1289 2291 Arnim.

520 2309 555 2349 2)
579 2309 678 2343 Haec
699 2320 743 2342 ex
760 2310 982 2345 Antisthenis
999 2312 1170 2345 Archelao
1194 2314 1336 2354 sumpta
1359 2321 1436 2344 esse
1458 2312 1658 2354 suspicatur
1681 2311 1809 2351 Hirzel⁷

390 2362 412 2394 l.
439 2373 467 2394 c.
494 2363 520 2402 Ι,
544 2373 576 2405 p.
596 2363 660 2395 125
682 2363 762 2396 adn.

519 2417 554 2457 3)
578 2417 681 2450 Hanc
704 2418 917 2450 sententiam
943 2418 1140 2462 divulgavit
1171 2419 1211 2452 R.
1238 2419 1367 2456 Hirzel,
1399 2430 1431 2462 p.
1452 2419 1512 2452 123
1528 2429 1592 2461 sq..
1622 2421 1808 2461 postquam

390 2471 460 2503 iam
485 2474 590 2503 antea
611 2471 839 2504 Hei-mannus
865 2473 1001 2506 Usener
1024 2473 1085 2512 (cf.
1110 2473 1211 2507 Ferd.
1238 2473 1433 2512 Diimmler,
1465 2473 1669 2505 Antisthen.
1695 2483 1727 2514 p.
1756 2473 1808 2513 10)

391 2524 614 2557 Antisthenis
638 2526 849 2558 Archelaum
876 2526 1009 2559 fontem
1034 2527 1142 2560 fuisse
1168 2528 1385 2559 observavit.

520 2577 556 2620 4)
580 2577 625 2611 cf.
643 2578 772 2619 Hirzel,
796 2580 858 2622 qui
881 2579 924 2613 de
949 2580 1013 2614 hac
1030 2581 1261 2614 similitudine
1278 2581 1422 2613 uberius
1443 2579 1619 2613 disserens
1636 2580 1808 2622 epistulae

393 2630 411 2663 1
426 2631 521 2665 Soet.
547 2636 810 2675 argumentum,
834 2634 929 2677 quod
945 2634 989 2668 ad
1005 2645 1176 2669 summam
1194 2645 1311 2669 rerum
1328 2634 1465 2670 attinet,
1490 2644 1509 2667 e
1524 2634 1650 2676 cynico
1667 2633 1807 2676 dialogo
