2138 3299
881 340 934 348 ...
991 316 1043 358 49
1097 340 1150 346 -

479 380 495 399 Χ

310 445 475 485 videtur
499 449 710 485 auctorem
733 446 934 496 epistulae
958 447 1070 485 dicta
1093 446 1300 497 quaedam
1323 445 1483 495 legisse,
1513 457 1620 496 quae
1644 457 1732 495 per-

310 510 499 550 tinebant
520 511 573 550 ad
591 511 792 562 proelium
815 511 926 562 apud
946 510 1110 550 Delium
1129 510 1394 550 commissum
1423 509 1490 549 vel
1513 509 1566 549 ad
1589 509 1728 548 Socra-

311 578 397 613 tem
417 575 710 613 moribundum
730 576 773 612 in
794 575 956 624 dialogo
980 575 1189 613 Socratico
1209 587 1292 613 non
1313 579 1493 613 servato.
1536 574 1731 613 Fortasse

310 638 666 689 epistolographus
692 642 738 676 ut
766 637 891 676 ceteri
917 650 1082 688 quoque
1107 637 1352 687 interpretes
1381 638 1566 676 Platonis
1592 637 1730 676 locum

310 702 462 752 legerat
487 706 614 753 atque
638 701 718 740 alio
742 701 938 740 arcessito
962 704 1130 740 auctore
1153 701 1281 740 verba
1304 701 1513 740 declarare
1536 701 1613 739 sibi
1639 713 1725 751 pro·

316 766 557 817 posueratl).

444 830 492 868 In
515 829 694 880 epistula
716 832 765 870 27
789 829 1000 869 Phaedrus
1024 829 1214 875 occurrit,
1239 842 1363 881 quem
1385 829 1529 869 fabula
1551 828 1730 880 discipu-

312 895 397 933 lum
431 894 616 933 Platonis
650 894 907 933 carissimum
941 894 1167 942 reddidit2).
1244 894 1359 945 Quae
1393 897 1618 933 narrantur
1652 894 1729 932 hac

313 959 503 1010 epistula,
526 962 620 1009 post
645 958 824 997 Socratis
846 962 1023 998 mortem
1044 959 1200 1010 scripta
1220 958 1437 1009 finguntur
1458 958 1603 997 eodem
1625 961 1728 997 tem-

312 1035 409 1073 pore
431 1035 513 1073 quo
536 1023 655 1061 Plato
676 1023 719 1061 in
741 1023 974 1072 regionibus
997 1023 1219 1073 peregrinis
1242 1026 1431 1061 versatus
1453 1035 1540 1061 esse
1561 1022 1726 1061 dicitur.

313 1087 435 1125 Patet
451 1086 830 1136 epistolographum
846 1099 978 1132 nosse,
996 1099 1103 1137 quae
1120 1086 1365 1130 Phaedrus”)
1382 1086 1469 1136 ipse
1485 1087 1526 1124 in
1543 1086 1729 1124 Platonis

311 1150 486 1200 dialogo,
508 1150 579 1201 qui
598 1150 837 1189 inscribitur
857 1150 943 1189 eius
963 1150 1142 1196 nomine,
1165 1150 1216 1189 de
1236 1150 1467 1194 iuventute,
1489 1149 1578 1188 loco
1597 1161 1728 1195 sacro,

311 1214 547 1260 Academia,
572 1214 720 1266 Lyceo,
748 1215 877 1260 Ilisso,
903 1215 1074 1265 platano
1098 1215 1317 1265 eloquitur.
1345 1214 1407 1253 De
1431 1214 1608 1253 Phaedri
1634 1227 1729 1254 cum

313 1279 437 1329 Lysia
471 1279 769 1318 consuetudine
804 1291 899 1318 cum
935 1279 1134 1318 nonnulla
1169 1279 1468 1329 comperiamus
1503 1300 1557 1306 —
1591 1291 1629 1329 p.
1651 1280 1726 1317 227

312 1343 546 1382 Phaedrum
562 1347 768 1382 sectatum
785 1356 871 1382 esse
889 1347 1015 1394 atque
1030 1343 1262 1394 suspexisse
1279 1343 1446 1393 Lysiam
1462 1342 1638 1381 refertur
1657 1342 1723 1390 (cf.

312 1407 439 1445 etiam
463 1407 630 1445 Lucian.
658 1419 816 1446 amores
840 1419 873 1446 e.
894 1410 954 1446 24.
976 1410 1042 1456 31)
1066 1429 1120 1435 —-
1141 1408 1345 1446 nescimus
1369 1419 1476 1457 quae
1500 1407 1659 1445 lateant
1682 1406 1724 1444 in

312 1470 447 1510 verbis
462 1473 530 1510 καὶ
544 1472 591 1523 ἠν
608 1472 815 1524 ἐπίφθονος
827 1471 1063 1525 Ἀλκιβιάδῃ
1077 1485 1118 1512 τε
1131 1478 1196 1511 τοῦ
1212 1471 1388 1511 Κλεινίου
1404 1471 1473 1510 καί
1486 1484 1582 1511 τισιν
1597 1471 1726 1517 ἄλλοις

313 1542 387 1575 τῶν
407 1537 513 1574 νέων.
554 1536 757 1574 Obensius
780 1537 820 1585 (l.
843 1548 875 1574 c.
899 1549 936 1586 p.
958 1539 1024 1581 29)
1047 1536 1151 1574 falso
1174 1535 1470 1574 animadvertit
1490 1535 1726 1574 Phaedrum

313 1611 397 1638 una
418 1611 513 1638 cum
535 1599 659 1651 Lysia
679 1603 721 1638 et
743 1599 969 1646 Alcibiade,
992 1600 1063 1651 qui
1084 1599 1162 1639 sibi
1183 1599 1441 1644 invidissent,
1463 1599 1505 1638 in
1528 1598 1664 1650 Lyceo
1684 1602 1725 1638 et

312 1664 355 1703 in
385 1664 610 1702 Academia
640 1664 782 1710 fuisse;
815 1665 857 1703 in
888 1665 1066 1715 epistula
1096 1665 1206 1703 enim
1237 1664 1293 1702 nil
1326 1664 1437 1703 aliud
1468 1663 1619 1702 dicitur
1649 1663 1725 1702 nisi

313 1727 480 1779 Lysiam
513 1729 586 1767 ὑπὸ
614 1734 661 1780 τῇ
691 1728 782 1780 θείᾳ
813 1729 996 1781 πλατάνῳ
1029 1728 1345 1767 commentarios
1377 1740 1472 1766 suos
1504 1728 1555 1766 de
1587 1738 1727 1766 amore

313 1792 547 1837 correxisse,
570 1805 654 1842 qua
672 1805 716 1831 re
735 1805 818 1831 non
840 1793 1074 1832 declaratur
1095 1793 1329 1831 Phaedrum
1349 1796 1449 1831 tunc
1470 1791 1726 1831 sermonibus

313 1855 557 1894 interfuisse.
596 1856 763 1894 Praeter
781 1856 823 1894 id
840 1868 922 1895 non
941 1856 1091 1906 legitur
1110 1857 1344 1895 Phaedrum
1362 1867 1447 1894 una
1463 1867 1558 1894 curn
1575 1855 1725 1894 Alcibi-

314 1919 391 1957 ade
410 1923 622 1958 versatum
641 1931 728 1958 esse
746 1919 789 1958 in
809 1920 944 1970 Lyceo
963 1923 1005 1958 et
1025 1920 1067 1958 in
1087 1920 1329 1966 Academia;
1351 1932 1434 1971 quo
1453 1923 1640 1970 tempore
1659 1919 1726 1957 ille

314 1995 409 2022 cum
441 1983 653 2022 Alcibiade
685 1984 1026 2023 consuetudinem
1058 1984 1198 2034 egerit,
1232 1984 1344 2023 haud
1375 1983 1545 2029 scimus;
1579 1983 1650 2021 sed
1682 1982 1724 2021 id

314 2048 441 2086 etiam
480 2048 684 2099 prioribus
722 2048 905 2088 evenisse
944 2048 1198 2099 temporibus
1238 2060 1335 2087 vero
1373 2047 1607 2098 proximum
1646 2050 1720 2085 est.

444 2155 476 2195 1)
499 2154 577 2193 Quo
602 2153 706 2186 modo
729 2154 815 2186 haec
840 2154 991 2186 narratio
1015 2156 1185 2186 exornata
1207 2154 1254 2186 sit,
1276 2154 1320 2186 ab
1345 2154 1405 2193 eis,
1431 2153 1492 2195 qui
1515 2153 1608 2185 vitas
1630 2162 1725 2185 com-

314 2210 516 2250 posuerunt,
532 2207 751 2240 demonstrat
765 2207 876 2246 locus,
899 2217 1004 2249 quem
1020 2207 1222 2240 invenimus
1236 2206 1330 2249 apud
1345 2206 1504 2240 Teletem
1528 2206 1723 2246 (Croenert,

314 2260 394 2292 Kol.
427 2270 462 2291 u.
495 2259 632 2292 Mened.
657 2270 689 2302 p.
715 2260 771 2301 42)
804 2261 872 2302 12,:
911 2261 961 2292 καὶ
983 2262 1020 2293 τὸ
1043 2261 1224 2293 τελευταῖον
1246 2262 1499 2301 ἀποκοτταβίσας
1523 2260 1630 2299 „roure
1653 2261 1722 2296 δέ,“

314 2315 417 2358 φησίν,
444 2313 650 2357 ,Ἀλκιβιάδηι
671 2317 728 2347 τῶι
750 2313 876 2352 καλῶι,“
905 2323 994 2356 quae
1018 2313 1125 2346 verba
1148 2316 1306 2356 spectare
1328 2312 1493 2346 videntur
1507 2312 1551 2345 ad
1567 2312 1725 2355 Xenoph.

314 2367 409 2400 Hell.
425 2367 572 2407 11,3,56,
597 2368 659 2400 ubi
672 2367 716 2400 de
732 2367 947 2401 Theramene
964 2367 1107 2402 dicitur:
1135 2370 1240 2411 ἐπείγε
1254 2370 1464 2412 ἀποθνήσκειν
1479 2368 1728 2410 ἀναγκαζόμενος

314 2423 351 2454 τὸ
374 2422 500 2454 κώνειον
516 2422 593 2461 ἔπιε,
617 2423 655 2454 τὸ
677 2422 857 2461 λειπόμενον
879 2422 1004 2464 ἔφασαν
1025 2423 1317 2464 ἀποκοτταβίσαντα
1341 2424 1438 2455 εἰπεῖν
1446 2423 1578 2454 ἀὐτόν’
1595 2420 1726 2464 ,Κριτίᾳ

314 2475 400 2508 τοῦτ’
426 2476 510 2509 ἔστω
534 2477 581 2519 τῷ
602 2476 718 2519 καλῷ.“

444 2530 479 2570 2)
503 2529 548 2562 ef.
575 2529 679 2572 Diog.
705 2529 745 2563 L.
763 2529 821 2562 111
843 2530 896 2562 29.
911 2529 964 2563 31.

444 2582 479 2624 3)
503 2583 555 2615 De
585 2583 743 2615 Phaedro
776 2583 1014 2626 Myrrhinusio
1044 2583 1114 2616 vid.
1140 2583 1324 2621 Kirchner,
1357 2583 1500 2625 Prosop.
1534 2583 1643 2615 Attio.
1677 2581 1725 2613 11.

316 2646 341 2666 s.
369 2645 401 2666 n.
430 2635 541 2668 13960.

1512 2689 1533 2720 4
