2138 3299
983 388 1246 428 -74-

395 516 559 557 incidit:
585 516 685 556 dicit
708 516 992 556 Alexandrum
1018 517 1194 556 Graecos
1216 516 1409 555 certiores
1431 516 1574 556 fecisse
1595 517 1647 556 de
1670 518 1816 556 Aleua-

396 582 544 622 darum
566 584 609 619 et
631 580 922 620 Thessalorum
944 580 1196 632 proditione;
1222 584 1350 633 atque
1371 593 1469 621 vero
1491 593 1543 621 ex
1566 581 1816 632 Herodot01)

394 645 546 684 scimus
566 645 678 684 hunc
697 656 836 697 regem
856 649 1026 684 tantum
1050 645 1229 691 Graecis,
1251 649 1300 684 ut
1321 646 1470 697 pedem
1488 646 1701 691 referrent,
1723 657 1815 684 sua-

394 709 506 755 sisse,
526 709 744 749 Thessalos
763 713 906 749 autem
924 722 948 748 a
969 710 1134 750 Graecis
1153 710 1354 750 auxilium
1372 710 1536 762 petisse,
1555 723 1650 750 cum
1668 710 1815 749 Aleua-

395 775 545 814 darum
561 786 675 826 reges
692 774 769 813 soli
788 774 970 813 Xerxem
987 774 1119 814 secuti
1135 774 1231 814 sint.
1268 775 1333 815 Ex
1350 779 1527 826 utraque
1542 787 1587 813 re
1604 778 1815 814 auctorem

396 838 519 878 huius
539 838 742 890 epistulae
762 838 977 889 posteriori
998 839 1127 878 aetati
1148 839 1425 880 addicendum
1445 851 1532 878 esse
1552 842 1712 879 certum
1732 843 1813 885 est;

396 915 530 954 neque
549 907 691 942 tamen
710 902 798 941 sine
818 903 900 941 ullo
920 902 1007 940 iure
1027 903 1064 941 ei
1083 904 1158 941 has
1176 915 1240 942 res
1261 903 1410 941 afferre
1430 903 1563 941 licuit:
1584 904 1724 942 rhetor
1743 903 1815 955 qui

395 967 594 1005 nonnulla
616 979 725 1017 quae
747 971 923 1005 noverat
947 966 1148 1006 beneficia
1172 967 1447 1008 Macedonum
1467 979 1612 1018 regum
1635 967 1816 1018 proferre

394 1031 596 1076 voluerat,
627 1030 914 1071 Alexandrum
941 1042 1080 1082 regem
1108 1031 1162 1072 ad
1191 1030 1247 1077 id,
1278 1031 1392 1082 quod
1420 1030 1498 1071 sibi
1528 1035 1813 1082 proposuerat,

394 1096 590 1146 elegerat:
630 1094 702 1146 qui
740 1098 908 1146 propter
946 1095 1241 1135 amicissimum
1277 1108 1374 1147 erga
1413 1096 1590 1136 Graecos
1628 1096 1814 1135 animum

393 1171 623 1211 cognomen
643 1158 840 1210 Φιλέλλην
870 1163 1098 1211 acceperat.
1141 1159 1288 1199 Nescio
1310 1172 1365 1198 an
1385 1161 1569 1206 accedat,
1598 1161 1707 1212 quod
1730 1159 1813 1211 epi·

397 1224 664 1275 stolographo
694 1236 778 1262 non
806 1224 997 1275 ignotum
1025 1224 1163 1262 fuerat
1192 1224 1407 1263 Thessalos
1437 1227 1532 1275 post
1565 1225 1814 1263 Graecorum

394 1300 600 1327 recessum
613 1287 759 1327 statim
773 1291 901 1339 atque
914 1287 1089 1328 libenter
1102 1288 1246 1327 Persas
1259 1291 1421 1326 secutos
1435 1299 1524 1326 esse
1538 1288 1810 1336 (cf.Herodot.

393 1352 475 1391 VII
501 1354 592 1392 174:
623 1351 819 1392 Θεσσαλοὶ
847 1353 890 1391 δὲ
918 1352 1190 1404 ἐρημωθέντες
1220 1355 1438 1405 συμμάχων
1476 1355 1571 1391 οὕτω
1602 1354 1650 1403 δὴ
1680 1352 1812 1404 ἐμήδι-

393 1431 466 1455 σαν
502 1417 714 1468 προθύμως
757 1417 836 1456 οὐδ’
876 1419 929 1455 ἔτι
975 1418 1217 1463 ἐνδοιαστῶς,
1263 1419 1362 1457 ὥστε
1399 1419 1439 1456 ἐν
1476 1423 1572 1457 τοῖσι
1608 1417 1812 1469 πρήγμασι

393 1481 588 1533 ἐφαίνοντο
625 1481 780 1530 βασιλέϊ
813 1482 950 1532 ἄνδρες
989 1481 1112 1527 ἐόντες
1148 1482 1466 1533 χρησιμώτατοι).
1539 1481 1650 1532 Quin
1684 1480 1812 1519 etiam

391 1546 607 1584 Thessalos
636 1545 721 1584 iam
749 1549 864 1590 tunc,
905 1545 938 1583 si
971 1545 1116 1584 Graeci
1152 1558 1237 1584 non
1273 1545 1426 1584 auxilio
1455 1545 1677 1591 venissent,
1717 1545 1812 1584 Per-

391 1609 446 1647 sis
473 1621 518 1647 se
544 1608 778 1653 subiecisse,
816 1620 869 1647 ex
897 1608 1033 1648 verbis
1069 1608 1147 1647 illis
1177 1608 1413 1660 accipimus,
1451 1609 1600 1660 quibus
1629 1609 1811 1648 Thessali

395 1672 565 1712 allocuti
580 1676 679 1711 sunt
699 1672 877 1712 Graecos
900 1672 944 1711 in
959 1672 1119 1711 Isthmo
1135 1672 1326 1711 collectos
1340 1696 1394 1701 —-
1408 1674 1518 1712 unde
1532 1673 1665 1711 elucet
1682 1672 1811 1711 Hera-

393 1737 527 1775 cleum
549 1736 739 1776 Atticum
761 1750 846 1775 non
868 1736 1190 1787 intellegendum
1214 1749 1313 1782 esse,
1338 1736 1388 1775 cf.
1415 1749 1522 1787 quae
1543 1736 1651 1774 infra
1673 1736 1811 1787 dispu-

391 1800 640 1850 tabimus)2).
698 1800 841 1841 Adhoc
870 1813 955 1840 non
983 1800 1166 1841 dubitari
1195 1803 1347 1851 potest,
1376 1800 1479 1851 quin
1505 1812 1657 1851 magna
1684 1804 1811 1852 atque

391 1865 619 1917 periculosa
645 1865 771 1904 fuerit
798 1877 861 1905 res
890 1864 1114 1905 Alexandri
1174 1866 1331 1918 legatos
1366 1869 1485 1918 patre
1518 1864 1651 1904 invito
1685 1864 1810 1903 inter-

391 1929 569 1970 ficiendi.
623 1929 830 1969 Nimirum
854 1930 888 1968 is
914 1930 985 1981 qui
1012 1929 1285 1970 Macedonum
1311 1933 1474 1981 partem
1499 1931 1698 1980 sequitur,
1726 1942 1811 1968 non

391 1994 543 2034 delicta
557 1994 663 2046 regis
680 1998 991 2039 commemorat,
1010 1995 1082 2034 sed
1098 1994 1142 2034 in
1157 1994 1220 2034 his
1238 1998 1365 2046 atque
1381 1994 1438 2033 eis
1456 2006 1563 2046 quae
1578 1997 1809 2046 sequuntur

391 2058 528 2098 verbis
551 2059 594 2099 id
618 2071 750 2098 unum
772 2063 936 2109 spectat
960 2058 1162 2108 epistulae
1186 2062 1343 2104 auctor,
1368 2059 1481 2109 quod
1503 2058 1591 2109 ipse
1614 2058 1810 2108 exprimit

397 2124 458 2172 §8
501 2122 656 2162 verbis:
708 2126 829 2162 ταῦτά
878 2124 980 2162 ἐστιν
1028 2122 1133 2174 λόγοι
1182 2123 1384 2175 δυνάμενοι
1432 2123 1500 2174 τὴν
1551 2123 1625 2173 σὴν
1682 2123 1808 2174 ἀρχὴν

391 2188 564 2238 ὠφελεῖν.

520 2285 555 2325 1)
582 2284 649 2317 VH
674 2283 736 2316 172
745 2293 797 2325 sq.

519 2337 554 2379 2)
578 2336 796 2380 Legat-,orum
826 2337 934 2369 verba
965 2340 1050 2369 sunt
1080 2337 1167 2371 haec
1196 2336 1280 2378 (VH
1297 2337 1390 2377 172):
1417 2334 1562 2380 Ἀνδρες
1582 2336 1738 2380 Ἕλληνες,
1761 2338 1815 2369 δεῖ

390 2392 612 2434 φυλάσσεσθαι
642 2394 699 2434 τὴν
730 2391 865 2434 ἐσβολὴν
893 2393 950 2433 τὴν
975 2391 1168 2435 Ὀλυμπικὴν,
1198 2392 1248 2424 ἵνα
1274 2392 1425 2435 Θεσσαλίη
1449 2404 1485 2424 τε
1502 2392 1552 2424 καὶ
1573 2393 1593 2434 ἡ
1618 2392 1765 2431 σύμπασα
1788 2389 1808 2434 ᾖ

387 2444 501 2479 Ἑλλὰς
521 2448 555 2478 ἐν
578 2447 676 2489 σκέπῃ
695 2448 753 2478 τοῦ
768 2445 918 2485 πολέμου.
945 2447 1036 2489 ἡμεῖς
1054 2447 1113 2486 μέν
1137 2458 1190 2478 νυν
1213 2447 1337 2486 ἕτοιμοί
1356 2447 1440 2485 εἶμεν
1463 2445 1709 2487 συμφυλάσσειν,
1733 2446 1810 2484 πέμ-

390 2513 456 2532 πειν
478 2501 515 2532 δὲ
534 2502 599 2542 χρὴ
621 2500 672 2532 καὶ
694 2501 797 2539 ὑμέας
818 2501 966 2542 στρατιὴν
989 2500 1111 2543 πολλὴν,
1142 2502 1188 2533 ὡς
1208 2502 1237 2533 εἰ
1256 2501 1302 2542 μὴ
1332 2502 1483 2541 πέμψετε,
1515 2500 1688 2532 ἐπίστασθε
1710 2500 1812 2541 ἡμέας

389 2553 595 2597 ὁμολογήσειν
610 2555 656 2596 τῷ
672 2552 781 2596 Πέρσῃ
795 2562 802 2569 ·
817 2554 854 2585 οὐ
866 2554 927 2595 γάρ
938 2564 987 2585 τοι
998 2555 1254 2596 προκατημένους
1262 2552 1400 2586 τοσοῦτο
1412 2555 1472 2594 πρὸ
1485 2557 1544 2594 τῆς
1553 2551 1813 2595 ἅλλης“Ελλάδος

386 2608 527 2648 μούνους
547 2609 606 2650 πρὸ
630 2609 735 2648 ὑμέων
758 2609 809 2640 δεῖ
829 2607 1017 2641 ἀπολέσθαι.
1038 2609 1191 2652 βοηθέειν
1215 2609 1252 2640 δὲ
1275 2608 1313 2640 οὐ
1332 2606 1522 2648 βουλόμενοι
1547 2607 1714 2650 ἀναγκαίην
1737 2608 1808 2650 ἡμῖν

389 2663 538 2702 οὐδεμίαν
566 2661 633 2694 οἷοί
658 2664 695 2694 τέ
725 2664 800 2694 ἐστε
829 2664 1019 2703 προσφέρειν
1038 2672 1045 2680 ·
1062 2664 1187 2702 οὐδαμὰ
1215 2663 1278 2704 γὰρ
1308 2662 1482 2704 ἀδυνασίης
1511 2662 1638 2704 ἀνάγκη,
1667 2663 1808 2703 κρέσσων

387 2716 461 2758 ἔφυ.
488 2718 579 2759 ἡμεῖς
599 2717 636 2748 δὲ
659 2716 877 2759 πειρησόμεθα
902 2716 997 2748 αὐτοί
1016 2728 1083 2749 τινα
1106 2718 1266 2759 σωτηρίαν
1287 2715 1519 2759 μηχανώμενοι.
