2138 3299
901 334 1166 376 -83-

318 462 384 503 fiir
397 462 484 503 sich
498 464 595 503 echt
608 466 716 503 ware
730 463 818 503 und
833 463 947 504 1131111
960 462 1177 515 allerdings
1193 463 1252 503 als
1267 462 1379 503 Brief
1393 464 1464 505 des
1480 462 1730 515 Speusippos

318 539 374 567 311
386 527 497 568 Dion
515 528 833 568 anzuerkennen
849 527 946 567 ist.“
968 527 1068 567 Mihi
1084 527 1252 580 quidem
1271 532 1491 580 utramque
1509 527 1731 580 epistulam

318 604 402 631 non
421 604 564 632 veram
583 592 656 633 sed
676 591 823 632 fictam
842 604 930 631 esse
951 593 1234 643 persuadetur,
1256 605 1390 644 neque
1410 605 1508 632 vero
1529 592 1731 632 assentiar

317 655 590 697 Constantino
617 655 768 703 Ritter,
795 655 869 708 qui
894 656 1093 695 nonnulla
1118 657 1172 697 ad
1199 655 1446 708 Dionysium
1470 656 1619 696 referre
1644 669 1730 695 ma-

317 721 422 767 vult,
438 733 546 772 quae
560 720 662 759 item
676 724 719 759 et
733 720 878 761 melius
894 720 948 761 ad
963 720 1140 759 Dionem
1153 724 1357 772 spectant.
1389 721 1441 759 In
1454 721 1730 760 determinan-

317 784 380 825 dis
397 775 669 837 epistularum
687 784 924 825 auctoribus
942 788 986 823 et
1002 784 1125 825 rebus
1142 784 1313 836 singulis
1331 788 1442 823 recte
1460 784 1730 836 percipiendis

316 848 420 901 quin
433 849 487 888 ad
501 861 623 889 usum
636 861 775 888 meum
789 861 864 888 suo
878 849 968 888 loco
983 860 1198 895 arcessam,
1215 861 1322 900 quae
1337 849 1518 888 Hercher
1533 852 1577 887 et
1592 848 1729 888 Ritter

317 912 401 952 iam
422 912 629 958 dixerunt,
651 912 785 951 facere
806 926 891 952 non
911 925 1091 963 possum.
1116 913 1267 959 Obens,
1291 912 1361 964 qui
1384 913 1435 952 de
1456 912 1519 951 his
1540 912 1727 963 epistulis

316 976 429 1016 nulla
442 976 527 1015 fere
540 976 680 1023 verba,
697 980 745 1015 ut
760 980 857 1015 ante
871 976 1203 1023 commemoravi,
1220 976 1330 1023 fecit,
1348 976 1509 1016 dicendi
1523 976 1728 1015 rationem

315 1053 559 1092 comparans
600 1041 675 1080 has
715 1040 843 1080 etiam
885 1041 1099 1092 posteriori
1141 1041 1270 1080 aetati
1312 1041 1599 1081 attribuendas
1640 1053 1729 1079 esse

315 1104 537 1153 coniecit1).

446 1170 506 1209 Ac
524 1169 703 1221 primum
720 1169 888 1222 quidem
905 1182 1152 1221 quaeramus
1173 1169 1264 1221 quis
1282 1169 1490 1221 scripserit
1506 1169 1728 1220 epistulam

316 1236 378 1279 35,
411 1234 464 1274 ad
494 1246 701 1285 quemque
731 1234 868 1279 missa,
900 1238 992 1272 tum
1023 1234 1190 1285 quando
1220 1234 1375 1284 scripta
1405 1233 1599 1284 fingatur.
1664 1233 1729 1271 De

315 1301 483 1337 auctore
507 1302 684 1349 utraque
708 1297 886 1349 epistula
909 1298 1137 1339 diiudicata
1162 1301 1369 1349 postremo
1394 1297 1723 1338 deliberabimus.

318 1360 543 1412 Scriptores
557 1362 799 1413 posteriores
812 1374 907 1401 cum
920 1366 1234 1413 perscrutemur,
1252 1362 1363 1412 apud
1378 1363 1584 1402 neminem
1600 1361 1726 1399 alium

314 1425 581 1465 inveniuntur
604 1425 742 1472 verba,
765 1438 873 1477 quae
893 1438 945 1464 ex
967 1425 1144 1477 epistula
1165 1425 1349 1477 quadarn
1370 1425 1617 1476 deprompta
1637 1437 1725 1464 esse

315 1488 521 1535 videntur,
545 1489 631 1528 nisi
645 1490 756 1540 apud
779 1489 1062 1535 Plutarchum,
1086 1489 1156 1529 ubi
1178 1489 1350 1540 legimus
1373 1490 1531 1538 (Moral.
1556 1502 1595 1540 p.
1621 1493 1670 1529 70
1688 1490 1724 1528 A

316 1552 384 1601 (de
403 1553 511 1593 adul.
532 1557 576 1592 et
595 1553 750 1602 amiC.):
772 1552 942 1592 Τοιαῦτα
970 1555 1018 1592 τὰ
1038 1553 1169 1604 Κύρου
1190 1555 1285 1604 πρὸς
1305 1552 1552 1604 Κυναξάρην,
1581 1555 1650 1591 καὶ
1677 1555 1725 1591 τὰ

312 1619 408 1668 πρὸς
427 1617 553 1657 Δίωνα
572 1617 790 1665 Πλάτωνος,
819 1620 883 1657 ὅτε
902 1618 1171 1669 λαμπρότατος
1190 1619 1237 1668 ἣν
1265 1620 1333 1656 καὶ
1351 1619 1499 1663 πάντας
1519 1619 1571 1664 εἰς
1591 1618 1725 1656 ἑαυτὸν

313 1681 545 1733 ἀνθρώπους
565 1682 787 1733 ἐπέστρεφε,
810 1683 873 1720 διὰ
893 1684 934 1721 τὸ
954 1682 1099 1728 κάλλος
1114 1688 1187 1721 τῶν
1208 1681 1384 1733 πράξεων
1399 1683 1468 1720 καὶ
1487 1682 1528 1720 τὸ
1549 1682 1725 1733 μέγεθος,

312 1746 675 1797 παρακελευομένου
704 1747 970 1796 φυλάττεσθαι
1006 1748 1074 1784 καὶ
1113 1747 1277 1785 δεδιέναι
1311 1747 1380 1796 τὴν
1411 1747 1639 1792 αὐθάδειαν,
1676 1746 1727 1791 ὡς

313 1809 455 1861 ἐρημίᾳ
484 1808 667 1856 ξύνοικον.
719 1805 893 1861 Ἔγραφε
931 1811 973 1848 δὲ
1010 1811 1078 1848 καὶ
1108 1810 1357 1856 Σπεύσιππος
1394 1811 1497 1861 αὐτῷ
1535 1810 1587 1861 μὴ
1627 1809 1725 1861 μέγα

312 1880 474 1924 φρονεῖν,
511 1875 544 1913 εἰ
571 1875 690 1920 πολὺς
718 1876 834 1912 αὐτοῦ
863 1875 977 1925 λόγος
1005 1876 1108 1913 ἐστὶν
1138 1877 1178 1913 ἐν
1207 1875 1424 1924 παιδαρίοις
1452 1876 1520 1912 καὶ
1547 1875 1725 1924 γυναίοις,

312 1937 398 1976 ἀλλ’
435 1937 541 1989 ὁρᾶν,
580 1938 683 1984 ὅπως
718 1937 887 1989 ὁσιότητι
922 1939 990 1976 καὶ
1025 1938 1252 1989 δικαιοσύνη
1294 1939 1362 1976 καὶ
1396 1937 1522 1990 νόμοις
1559 1937 1726 1988 ἀρίστοις

310 2002 518 2054 κοσμήσας
553 2002 734 2041 Σικελίαν
773 2002 916 2041 εὐκλεᾶ
953 2002 1072 2053 θήσει
1115 2004 1184 2053 τὴν
1220 2002 1486 2054 Ἀκαδημίαν,
1529 2014 1636 2052 quae
1671 2001 1724 2039 si-

310 2065 482 2105 millima
509 2070 608 2105 sunt
635 2078 699 2117 ep.
719 2069 770 2105 35
804 2065 957 2106 verbis:
995 2067 1098 2105 πάνυ
1136 2067 1178 2105 δὲ
1213 2067 1357 2105 πολλοῦ
1395 2066 1638 2118 ἐτιμησάμην
1676 2067 1722 2104 ἂν

311 2131 387 2169 ἀπὸ
418 2137 597 2182 μηχανῆς
625 2131 787 2182 θεωρεῖν
823 2131 984 2182 πότερον
1013 2132 1137 2170 ἐκεῖνο
1172 2133 1213 2169 τὸ
1244 2137 1379 2182 σχῆμα
1409 2130 1592 2175 διατελεῖς
1622 2132 1721 2181 ἔχων

310 2194 336 2245 ἢ
371 2194 532 2246 γέγονας
566 2195 657 2247 ἡμῖν
695 2195 832 2247 σεμνός
866 2208 907 2233 τε
942 2196 1010 2233 καὶ
1046 2195 1238 2245 αὐθάδης,
1284 2195 1340 2232 ὅτι
1383 2193 1599 2244 διαλέγεται
1635 2194 1722 2244 περὶ

311 2265 381 2297 σοῦ
408 2261 456 2297 τὰ
484 2260 619 2297 παιδία
654 2261 693 2297 ἐν
722 2265 804 2304 ταῖς
836 2260 937 2304 ὁδοῖς
971 2260 1039 2296 καὶ
1067 2258 1277 2304 Πολύξενος
1314 2260 1354 2296 ἐν
1388 2263 1464 2303 τοῖς
1498 2258 1722 2308 πορθμείοις

309 2321 536 2375 καθήμενος
571 2324 639 2361 καὶ
673 2323 708 2361 οἱ
743 2322 918 2374 ποιμένες
955 2323 995 2361 ἐν
1030 2327 1106 2368 τοῖς
1142 2323 1249 2372 ὄρεσι
1279 2353 1287 2361 .
1320 2353 1327 2361 .
1360 2352 1366 2359 .
1397 2323 1465 2359 καὶ
1500 2322 1570 2372 τὴν
1601 2320 1721 2359 Ἀκα-

310 2387 473 2439 δήμειαν
507 2387 730 2439 κοσμήσεις,
767 2388 867 2425 ὥστε
905 2416 913 2424 .
945 2417 953 2426 .
985 2416 994 2426 .
1058 2386 1162 2424 Inde
1196 2390 1382 2437 apparet,
1418 2390 1466 2424 ut
1500 2385 1584 2424 iam
1619 2386 1721 2424 Her-

309 2450 439 2501 eher2)
474 2454 736 2502 cognoverat,
770 2449 993 2502 epistulam
1029 2453 1079 2490 35
1111 2463 1137 2489 3
1173 2449 1402 2501 Speusippo
1440 2450 1494 2490 ad
1531 2448 1721 2496 Dionem,

310 2514 497 2567 Dionysii
526 2515 693 2567 tyranni
723 2514 917 2561 adfinem,
947 2514 1115 2554 missam
1142 2527 1239 2553 esse.
1280 2515 1448 2553 Praeter
1471 2515 1549 2553 hoc
1577 2515 1723 2555 eodem

440 2600 474 2642 1)
497 2610 578 2643 pag.
595 2600 649 2633 41.

437 2653 471 2696 2)
493 2653 614 2687 Herm.
639 2657 666 2686 t.
692 2653 742 2688 VI
765 2653 890 2696 (1872),
914 2665 946 2697 p.
961 2654 1002 2688 55
1012 2664 1063 2697 sq.

1488 2708 1527 2742 6*
