2138 3299
876 442 1143 484 „45-

302 572 408 623 phus
422 572 522 611 haec
541 572 669 612 verba
686 572 941 612 adhibuerit:
965 574 1001 612 οἱ
1020 575 1088 625 μὲν
1111 575 1177 612 οὖν
1195 572 1348 619 πλείους
1365 573 1460 624 πρὸς
1479 573 1598 624 ὀργὴν
1623 603 1629 609 .
1649 604 1655 609 .
1675 603 1681 609 .
1701 603 1708 609 .

302 637 555 690 ὁρμήσαντες,
576 638 734 677 εὐθεῖαν
757 638 945 691 ἐβάδιζον,
970 639 1089 690 ὀλίγοι
1108 638 1150 677 δέ
1171 652 1267 684 τινες
1286 638 1536 688 ἐπείσθησαν
1559 639 1626 676 καὶ
1648 638 1716 687 τὴν

303 703 477 741 ἐναντίαν
499 704 583 753 ἐμοὶ
605 704 954 753 συναπετράποντο.
974 725 1027 730 —
1041 702 1308 752 Perspicuum
1321 706 1384 740 est
1399 714 1447 740 ea
1463 702 1716 745 narratione,

302 777 409 816 quae
423 768 585 816 spectat
602 766 655 804 ad
671 778 853 816 pugnam
870 766 1116 811 Deliensem,
1131 766 1241 805 idem
1256 769 1473 804 narratum
1489 777 1575 804 esse
1590 768 1717 816 atque

302 830 378 867 hac
406 830 596 880 epistula,
625 831 697 868 sed
724 831 928 880 copiosius
955 831 1083 868 etiam
1109 831 1317 869 nonnullis
1344 830 1442 868 viris
1469 829 1717 868 nominatim

303 893 503 931 adductis.
578 894 727 944 Itaque
762 897 954 932 constare
989 894 1155 932 videtur
1191 893 1457 932 daemonium
1493 894 1568 931 hoc
1606 893 1717 943 apud

305 957 468 996 Delium
488 970 704 997 occurrens
721 971 805 997 non
824 959 1013 1009 ignotum
1032 962 1158 1009 atque
1177 958 1219 997 in
1238 958 1342 996 libro
1362 959 1543 1008 quodam
1563 962 1715 996 tracta—

301 1025 393 1061 tum
409 1022 545 1062 fuisse.
581 1022 773 1062 Fortasse
789 1027 830 1062 et
848 1023 1095 1063 Plutarchus
1112 1027 1152 1062 et
1170 1023 1525 1074 epistolographus
1542 1023 1715 1061 eandem

300 1087 582 1131 narrationem
610 1087 855 1126 invenerant
884 1088 926 1125 in
955 1088 1109 1137 scripto
1139 1088 1321 1137 quodam
1353 1087 1562 1125 Socratico
1592 1087 1713 1125 hodie

301 1151 476 1201 perdito,
493 1164 576 1201 qua
590 1151 631 1189 in
646 1163 689 1189 re
704 1152 808 1190 alter
822 1152 991 1190 nomina
1004 1155 1045 1190 et
1061 1152 1163 1196 loca,
1180 1152 1283 1189 alter
1297 1164 1383 1190 rem
1397 1151 1531 1201 ipsam
1545 1163 1713 1201 excepe-

300 1219 378 1252 rat.
423 1215 575 1253 Itidem
595 1228 760 1265 quoque
780 1215 870 1254 fieri
890 1215 1042 1265 potuit,
1064 1220 1110 1253 ut
1130 1218 1400 1265 sequerentur
1421 1219 1621 1259 auctores,
1643 1214 1714 1265 qui

301 1278 414 1316 haud
433 1278 613 1317 multum
633 1278 740 1316 inter
760 1291 803 1317 se
823 1278 1085 1318 differebant.
1130 1278 1346 1317 Simillima
1364 1278 1493 1317 tradit
1513 1278 1653 1318 Cicero
1672 1278 1714 1317 in

300 1343 404 1380 libro
423 1343 556 1392 primo
575 1343 626 1381 de
645 1343 903 1381 divinatione
921 1355 953 1381 e.
975 1347 1037 1388 54,
1058 1344 1130 1393 qui
1148 1344 1302 1393 partim
1321 1343 1433 1393 quod
1453 1343 1713 1387 Plutarchus,

301 1411 611 1453 commemorat,
643 1407 797 1458 partim
828 1408 999 1453 omittit,
1032 1419 1126 1446 curn
1156 1407 1266 1447 idem
1297 1407 1408 1446 dicat
1440 1410 1566 1458 atque
1597 1407 1714 1446 varia

298 1472 420 1510 huius
441 1472 642 1522 epistulae
662 1472 790 1510 verba
817 1494 870 1500 —
897 1472 1007 1511 unde
1028 1475 1201 1522 apparet
1221 1472 1474 1510 imitatorem
1495 1484 1546 1510 ex
1564 1483 1712 1522 graeco

299 1536 523 1587 exemplari
543 1536 670 1575 latine
690 1536 872 1576 vertisse.
915 1536 1138 1588 Praecipue
1157 1535 1370 1576 afferenda
1388 1540 1485 1575 sunt
1507 1535 1710 1575 Ciceronis

299 1601 427 1638 verba
461 1604 534 1645 „ut
567 1604 741 1639 ventum
771 1605 833 1639 est
866 1601 907 1639 in
940 1601 1077 1645 trivio,
1111 1602 1255 1639 eadem
1286 1613 1370 1651 qua
1400 1600 1537 1644 ceteri,
1570 1600 1710 1650 fugere

298 1663 449 1703 noluit:
487 1664 638 1716 quibus
673 1664 967 1715 quaerentibus
1002 1676 1075 1703 eur
1109 1677 1192 1703 non
1227 1664 1372 1703 eadem
1406 1664 1475 1703 via
1509 1668 1709 1714 pergeret,

296 1728 494 1766 deterreri
509 1740 552 1766 se
568 1740 593 1766 a
609 1728 696 1767 Deo
712 1728 830 1767 dixit.
862 1728 968 1767 Tum
984 1728 1151 1779 quidem
1166 1728 1222 1773 hi,
1240 1728 1311 1779 qui
1327 1728 1407 1767 alia
1421 1729 1490 1767 via
1504 1727 1709 1776 fugerant,

297 1792 339 1830 in
356 1792 539 1830 hostium
547 1793 783 1843 equitatum
791 1793 1051 1831 inciderunt“
1069 1793 1123 1830 ad
1132 1792 1333 1842 epistulae
1344 1792 1453 1830 Socr.
1472 1795 1509 1829 l:
1537 1794 1593 1831 (ἐν
1609 1793 1650 1830 δὲ
1663 1799 1710 1842 τῇ

297 1862 399 1907 φυγῇ
415 1859 496 1908 ἅμα
510 1857 644 1896 πολλοὶ
658 1856 912 1909 ὑπαπήειμεν,
924 1858 992 1895 καὶ
1006 1857 1056 1903 ὡς
1071 1858 1132 1896 ἐπὶ
1147 1856 1363 1908 διαβάσεώς
1374 1870 1471 1902 τινος
1480 1856 1710 1908 ἐγενόμεθα,

298 1921 438 1971 συνέβη
461 1935 523 1971 μοι
543 1923 583 1959 τὸ
600 1923 740 1966 εἰωθὸς
755 1927 924 1972 σημεῖον,
962 1922 1122 1970 ἐνέστην
1142 1924 1208 1959 οὖν
1225 1923 1294 1958 καὶ
1313 1923 1419 1959 εἷπον
1440 1936 1445 1941 ’
1471 1922 1645 1970 ,,ἄνδρες.
1667 1922 1710 1958 οὔ

298 1997 359 2035 μοι
377 1985 486 2022 δοκεῖ
494 1985 636 2034 ταύτην
653 1985 892 2035 πορεύεσθαι
910 1998 915 2003 ·
932 1990 996 2022 τοῦ
1010 1985 1296 2036 γάρραιμονίου
1311 1998 1382 2036 μου
1395 1985 1420 2035 ἡ
1435 1985 1542 2034 φωνὴ
1556 1984 1710 2035 γέγονεν

305 2079 312 2085 .
333 2079 338 2086 .
358 2079 365 2086 .
385 2081 389 2084 .
410 2049 461 2095 εἰς
472 2051 548 2099 γὰρ
565 2051 651 2094 τοὺς
669 2049 799 2094 ἱππίας
812 2050 993 2100 ἐμπεσεῖν
1007 2054 1081 2087 τῶν
1099 2049 1291 2100 πολεμίων
1310 2049 1535 2094 ἐπανιόντας
1552 2050 1628 2088 ἀπὸ
1645 2055 1712 2098 τῆς

297 2112 461 2158 διώξεως
506 2112 682 2150 Proinde
700 2112 735 2149 si
755 2111 1003 2150 conferimus
1023 2112 1097 2149 hos
1118 2116 1201 2150 tres
1221 2112 1344 2156 locos,
1365 2116 1550 2150 statuere
1570 2123 1711 2162 possu-

296 2188 388 2214 mus
406 2176 610 2215 Ciceronis
628 2176 768 2222 verba,
787 2176 949 2215 etiamsi
966 2175 1146 2215 breviter
1163 2176 1489 2227 comprehendit,
1508 2175 1713 2227 quadrare

296 2240 350 2278 ad
378 2240 580 2291 epistulae
610 2240 809 2286 Socratis;
838 2252 1095 2291 quamquam
1122 2240 1198 2279 hoc
1227 2241 1315 2279 loco
1343 2241 1559 2291 complura
1585 2240 1712 2279 verba

297 2304 410 2342 facta
434 2308 531 2343 sunt
557 2305 608 2343 de
633 2317 694 2349 eo,
721 2305 793 2355 qui
818 2305 928 2344 solus
953 2309 1129 2343 mortem
1153 2317 1236 2343 non
1261 2305 1459 2350 subierat,
1486 2309 1628 2342 tamen
1653 2304 1712 2342 nil

297 2368 451 2412 obstat,
466 2369 687 2418 quominus
697 2369 903 2408 Ciceronis
916 2368 1074 2407 fontem
1088 2369 1263 2408 eundem
1277 2368 1402 2407 fuisse
1417 2373 1544 2419 atque
1557 2368 1709 2418 epistu-

296 2432 359 2470 lae
383 2432 562 2470 auctoris
585 2437 698 2471 certo
723 2433 989 2471 affirmemus.
1038 2433 1249 2471 Plutarchi
1273 2432 1441 2482 quidem
1465 2433 1593 2470 verba
1615 2443 1709 2469 cum

293 2494 524 2546 epistulael
547 2494 656 2534 Socr.
680 2496 824 2550 minqu
844 2501 1091 2547 congruunt,
1119 2497 1191 2535 sed
1219 2496 1402 2535 referunt
1426 2496 1545 2547 plura
1565 2496 1617 2535 de
1638 2495 1708 2533 ali-

295 2572 377 2610 quo
402 2571 556 2605 eorum,
583 2561 655 2610 qui
683 2560 894 2599 Socratem
919 2573 1001 2600 non
1026 2562 1157 2600 secuti
1183 2565 1314 2599 erant.
