2138 3299
987 363 1283 404 „100-

423 492 495 532 ubi
524 492 713 543 legimus:
746 494 793 531 σὺ
823 493 891 544 μὲν
911 494 987 543 γὰρ
1017 492 1066 543 δὴ
1095 494 1246 531 καὶτὸν
1276 493 1380 539 θεὸν,
1410 492 1462 539 ὡς
1480 493 1664 544 ἢγγειλαν
1691 493 1726 532 οἱ
1753 493 1836 533 τότε

424 557 672 607 θεωροῦντες,
717 562 924 607 προσεῖπες
963 557 1003 595 ἐν
1040 556 1198 607 Δελφοῖς
1236 558 1338 607 αὐτῷ
1374 557 1494 608 τούτῳ
1530 557 1742 602 θωπεύσας
1784 562 1837 608 τῷ
1868 606 1871 608 Β

427 620 580 673 ῥήματι,
609 622 679 660 καὶ
705 621 918 672 γέγραφας,
948 621 999 668 ὡς
1027 621 1137 672 φασί,

553 690 665 736 χαῖρε
694 687 763 723 καὶ
791 685 980 737 ἡδόμενον
1009 685 1133 734 βίοτον
1163 684 1329 733 διάσωζε
1357 685 1556 736 τυράννου.

557 749 619 786 De
646 749 794 789 eadem
821 762 865 787 10
892 749 1017 788 lefelt
1047 750 1166 788 Plato
1194 762 1257 800 ep.
1293 753 1340 788 13
1368 763 1407 800 p.
1428 753 1501 788 361
1521 750 1604 798 Al).

560 823 611 862 In
651 823 840 874 epistulis
873 824 1038 862 Platoni
1072 824 1243 863 tributis
1272 824 1511 863 Echecratis
1523 825 1554 874 2)
1597 836 1763 876 quoque
1795 828 1838 862 et

427 887 657 936 Hermiae³)
678 888 836 926 mentio
856 887 917 933 fit,
942 889 1016 928 sed
1032 901 1140 939 quae
1161 888 1352 929 audimus
1372 889 1424 927 de
1444 889 1507 927 his
1520 889 1631 934 viris,
1656 889 1709 929 ad
1729 889 1840 927 locos

429 951 503 989 hos
534 951 669 1001 (epist.
703 950 881 1000 socrat.)
910 951 969 989 nil
993 951 1151 990 valent.

559 1015 624 1054 Ex
640 1014 833 1054 omnibus
853 1027 961 1066 quae
980 1015 1137 1054 contuli
1158 1015 1265 1054 inter
1280 1015 1480 1067 epistulas
1501 1019 1551 1055 35
1566 1019 1608 1054 et
1625 1019 1674 1056 36
1697 1016 1839 1055 Socra-

424 1079 531 1117 ticas
563 1083 691 1130 atque
722 1079 822 1125 illas,
859 1092 966 1131 quae
994 1080 1158 1118 Platoni
1191 1080 1492 1126 adscribuntur,
1527 1080 1840 1133 similitudinem

428 1143 642 1194 quandam
669 1143 795 1182 fuisse
822 1143 865 1182 in
890 1147 1090 1195 promptu
1117 1148 1245 1195 atque
1271 1144 1535 1196 perspicuum
1560 1148 1635 1184 est.

560 1208 779 1246 Praeterea
792 1208 930 1253 etiam,
947 1208 1060 1259 quod
1074 1208 1128 1246 ad
1142 1212 1291 1253 cetera,
1304 1221 1412 1259 quae
1425 1209 1612 1259 epistulis
1626 1209 1689 1247 his
1702 1210 1840 1259 legun-

424 1275 505 1317 tur,
540 1271 705 1317 attinet,
738 1271 959 1323 scriptores
987 1272 1107 1312 bonis
1135 1271 1322 1311 fontibus
1351 1272 1413 1311 usi
1441 1285 1529 1312 esse
1552 1272 1758 1318 videntur,
1792 1276 1839 1311 ut

426 1340 606 1387 utraque
621 1336 801 1386 epistula
816 1336 944 1381 varia,
962 1349 1070 1387 quae
1086 1337 1140 1374 ad
1157 1336 1343 1375 homines
1359 1337 1563 1388 quosdam
1577 1338 1646 1376 vel
1660 1338 1842 1376 rationes

427 1400 648 1451 pertinent,
678 1404 845 1439 servata
870 1400 964 1446 sint,
994 1413 1102 1452 quae
1127 1401 1262 1441 adhuc
1288 1401 1456 1440 minime
1473 1401 1542 1440 vel
1566 1401 1734 1440 omnino
1759 1415 1842 1440 non

427 1468 529 1503 nota
557 1464 725 1502 fuerint.

565 1539 615 1578 In
639 1539 819 1591 epistula
846 1542 896 1578 35
921 1551 1055 1578 sermo
1080 1543 1143 1578 est
1171 1540 1221 1580 de
1247 1539 1470 1591 κακοζηλίᾳ
1498 1539 1696 1591 Dionysii,
1726 1540 1842 1578 cuius

427 1603 681 1654 exemplaria
699 1603 789 1641 aliis
807 1607 932 1641 aucta
951 1603 1184 1643 afferuntur
1203 1605 1315 1655 apud
1330 1606 1594 1643 Athenaeum
1612 1604 1839 1655 aliosque4).

429 1667 639 1706 Dieterich
670 1667 852 1717 (PWRE
881 1668 929 1707 V.
953 1671 984 1707 1.
1019 1671 1161 1720 882sq.
1192 1681 1223 1708 s.
1256 1667 1480 1720 Dionysius
1509 1669 1545 1718 I)
1575 1668 1714 1707 omnia
1742 1669 1842 1707 haec

558 1774 593 1815 1)
616 1774 718 1806 Alius
730 1774 834 1807 testis
847 1777 902 1807 est
913 1774 1123 1807 Plutarchus
1134 1774 1256 1808 Moral.
1274 1775 1337 1808 338
1347 1775 1393 1808 A:
1411 1776 1573 1809 Διονύσιος
1585 1777 1620 1807 δὲ
1631 1776 1664 1815 [ὁ
1677 1775 1843 1817 νεώτερος]

430 1828 640 1861 ’Λπόλλωνος
659 1830 726 1860 υἱὸν
748 1830 863 1861 ἑαυτὸν
886 1830 1049 1868 ὠνόμασεν
1073 1831 1258 1871 ἐπιγράψας,

623 1883 764 1924 Δώριδος
786 1884 820 1914 ἐκ
839 1884 961 1925 μητρὸς
983 1881 1102 1923 Φοίβου
1126 1884 1294 1922 κοινώμασι
1315 1883 1474 1922 βλαστών.

558 1937 592 1976 2)
616 1935 688 1968 vid.
712 1945 765 1978 ep.
793 1936 813 1968 9
836 1947 867 1979 p.
884 1936 995 1968 358B.

557 1989 593 2030 3)
617 1999 670 2032 ep.
696 1989 717 2021 6
748 1989 838 2021 Plat.
870 1989 1081 2031 praescripta
1114 1992 1184 2022 est:
1226 1989 1356 2022 Πλάτων
1381 1989 1512 2031 ‘Eone-:lq
1541 1989 1591 2021 καὶ
1623 1989 1766 2032 Ἐράστῳ
1795 1990 1845 2021 καὶ

431 2042 574 2086 Κορίσκῳ
599 2043 635 2075 εὖ
657 2045 814 2085 πράττειν.

560 2097 594 2138 4)
616 2096 788 2138 Exempla
818 2095 925 2127 huius
960 2096 1143 2138 κακοζηλίας
1179 2096 1392 2137 (germanice
1423 2095 1759 2137 Wortverdrehung‚
1798 2094 1845 2127 cf.

430 2149 578 2190 Quintil.
603 2150 716 2181 instit.
741 2152 827 2180 orat.
852 2148 941 2181 VIII
956 2149 991 2190 3)
1017 2158 1086 2180 non
1110 2148 1216 2180 modo
1239 2149 1414 2191 Dionysio
1439 2147 1660 2187 addicuntur,
1683 2148 1746 2181 sed
1768 2148 1846 2181 aliis

431 2213 582 2245 quoque,
612 2203 842 2245 Euphorioni‚
874 2202 1084 2241 Alexarcho,
1114 2201 1301 2241 Nicandro,
1332 2201 1493 2233 Choerilo
1519 2201 1579 2242 (cf.
1607 2201 1787 2238 Orellium,
1810 2212 1844 2243 p.

430 2257 553 2299 2833q.
578 2257 730 2293 Lobeck,
749 2256 1012 2299 Aglaophamos
1036 2256 1073 2288 ΙΙ
1095 2267 1128 2299 p.
1146 2256 1236 2297 856).
1262 2255 1442 2288 Nonnulla.
1469 2265 1601 2292 eorum,
1625 2265 1717 2297 quae
1741 2254 1847 2287 affert

431 2321 485 2353 ep.
503 2311 544 2342 35
567 2313 702 2349 auctor,
726 2313 880 2342 testatur
897 2310 1101 2342 Athenaeus
1124 2310 1181 2341 ΙΙΙ
1193 2309 1234 2341 98
1244 2310 1289 2347 D,
1314 2309 1373 2350 qui
1396 2319 1483 2341 usus
1506 2312 1562 2341 est
1576 2308 1725 2340 Athenis
1747 2308 1846 2348 libro,

431 2364 492 2406 qui
517 2366 592 2396 erat
617 2362 662 2394 de
691 2362 799 2394 rebus
822 2362 935 2404 gestis
960 2361 1158 2395 Siculorum
1184 2363 1232 2403 (ἐν
1253 2363 1370 2405 πρώτῳ
1391 2362 1580 2402 Σικελικῶν).
1616 2360 1670 2393 De
1696 2360 1847 2393 Athanis

431 2419 506 2450 vita
537 2420 575 2449 et
605 2417 813 2459 fragmentis
844 2416 917 2448 vid.
950 2417 1046 2449 ΓΗΘ
1068 2417 1106 2448 Π
1129 2417 1270 2453 81-83,
1307 2416 1444 2449 PWRE
1484 2426 1512 2448 s.
1544 2415 1694 2447 Athanis
1716 2415 1736 2446 2
1766 2414 1844 2456 (Ed.

433 2470 640 2509 Schwartz),
657 2470 752 2502 Plut.
773 2470 836 2501 vit.
850 2469 976 2501 Timol.
994 2480 1022 2502 c.
1037 2469 1090 2502 23.
1105 2469 1157 2502 37.
1176 2468 1322 2510 Scripsit
1336 2468 1517 2500 historiam
1531 2478 1648 2500 rerum
1664 2470 1846 2509 gestarum

433 2523 632 2556 Siculorum
657 2523 764 2556 libros
781 2522 876 2555 XIII
893 2523 1199 2565 complectentem,
1223 2531 1372 2564 quorum
1388 2521 1422 2552 in
1438 2521 1550 2563 primo
1565 2520 1732 2562 postremi
1748 2520 1848 2562 quin-

432 2588 501 2621 que
517 2577 610 2617 anni,
635 2577 836 2620 priusquam
861 2577 1053 2620 Dionysius
1070 2577 1107 2609 ΙΙ
1132 2576 1256 2618 pulsus
1279 2578 1343 2615 est,
1368 2574 1413 2607 ad
1427 2573 1562 2606 Philisti
1579 2583 1667 2616 opus
1683 2574 1848 2617 supplen-

431 2631 517 2663 dum
532 2630 775 2663 tractabantur
797 2631 896 2670 (sunt
910 2631 994 2661 anni
1010 2629 1283 2669 36312-358s7).
1309 2629 1393 2660 Erat
1413 2628 1522 2669 igitur
1533 2628 1684 2660 Athanis
1700 2628 1848 2669 scriptor

431 2694 517 2719 suae
542 2684 680 2717 aetatis.
