2138 3299
890 392 1158 433 „33-

314 530 377 571 ep.
404 520 419 560 l
453 530 558 571 quae
589 520 638 560 ad
659 518 907 562 Antisthenis
925 521 1164 562 Archelaum
1195 527 1373 574 spectare
1394 522 1597 571 videntum
1628 534 1724 564 con-

420 584 523 624 feras
552 596 643 636 pag.
667 584 718 625 69
728 596 787 636 sq.

312 659 375 700 ep.
398 650 423 689 5
451 650 476 698 §
496 649 520 688 2
551 650 653 688 δυοῖν
682 650 826 689 τούτοιν
855 651 1022 702 μάλιστα
1051 652 1275 701 προσδεῖται
1303 653 1480 704 πόλεμος,
1512 653 1723 703 καρτερίας

420 726 459 752 τε
493 715 560 751 καὶ
596 713 940 766 ἀφιλοχρηματίας.
980 716 1044 753 διὰ
1073 716 1216 766 ταύτην
1255 717 1322 767 μὲν
1357 718 1432 767 γὰρ
1467 721 1543 762 τοῖς
1572 716 1725 762 οἰκείοις

421 777 534 827 φίλοι,
571 779 633 815 διὰ
668 779 877 828 καρτερίαν
907 780 949 817 δὲ
979 779 1133 830 φοβεροὶ
1167 785 1243 825 τοῖς
1272 780 1492 826 ἀντιπάλοις
1520 780 1723 831 γινόμεθα.

313 852 376 892 ep.
398 841 422 880 6
454 841 576 881 multa
607 842 647 881 in
678 842 910 894 cynicorum
951 843 1104 883 ratione
1135 844 1277 894 scripta
1308 855 1397 883 esse
1427 844 1542 883 facile
1573 844 1723 883 intelle·

419 906 541 956 gitur:
576 906 771 956 imprimis
792 906 842 946 de
870 912 1129 958 χρηματισμῷ
1159 910 1197 946 et
1217 907 1329 958 πενίᾳ
1349 907 1477 959 cynici
1499 919 1631 947 sermo
1652 913 1723 948 est.

419 971 443 1018 §
473 969 496 1007 2
527 970 609 1020 ἐμοὶ
639 971 707 1020 μὲν
727 970 850 1009 τοίνυν
871 972 1047 1021 ἀπαρκεῖ
1069 977 1191 1021 τροφῇ
1211 984 1252 1009 τε
1278 972 1458 1022 χρῆσθαι
1478 977 1525 1022 τῇ
1545 972 1722 1022 λιτοτάτῃ

419 1035 487 1072 καὶ
516 1034 657 1085 ἐσθῆτι
686 1034 827 1086 θέρους
848 1049 887 1074 τε
916 1037 983 1074 καὶ
1003 1041 1190 1088 χειμῶνος
1218 1041 1265 1086 τῇ
1287 1037 1397 1087 αὐτῇ,
1428 1036 1651 1088 ὑποδήμασι
1680 1037 1723 1075 δὲ

418 1099 580 1150 πάμπαν
617 1101 660 1137 οὐ
696 1106 862 1151 χρῶμαι,
899 1102 942 1139 οὐ
979 1101 1021 1139 δὲ
1056 1101 1254 1151 πολιτικῆς
1292 1101 1443 1152 ἐφίεμαι
1478 1100 1591 1151 δόξης
1620 1102 1722 1152 πλὴν

418 1164 508 1201 ὅσον
539 1164 584 1202 ἐκ
613 1169 678 1202 τοῦ
709 1163 872 1215 σώφρων
903 1166 999 1203 εἶναι
1027 1166 1095 1203 καὶ
1124 1164 1282 1210 δίκαιος.

418 1228 442 1275 §
471 1228 495 1266 5
526 1228 614 1278 μίαν
642 1229 771 1278 ’ἀρχὴν
801 1228 1043 1279 εὐδαιμονίας
1073 1229 1148 1279 ἐγὼ
1182 1229 1323 1280 νομίζω
1352 1234 1505 1279 φρονεῖν
1535 1231 1588 1268 εὖ.

417 1292 443 1340 ξ
471 1291 495 1330 9
524 1297 592 1341 τῆς
621 1293 688 1343 μὲν
709 1294 774 1330 οὖν
795 1292 1056 1343 ὀλιγοχρονίου
1086 1293 1241 1343 χάριτος
1263 1294 1364 1338 εἰκὸς
1383 1294 1451 1331 καὶ
1477 1295 1544 1339 τάς
1563 1293 1724 1345 ἀμοιβὰς

418 1356 513 1393 εἶναι
542 1355 738 1407 βραχείας,
775 1356 814 1393 αἱ
843 1356 1087 1407 πολυχρόνιοι
1123 1357 1165 1394 δὲ
1194 1362 1268 1394 τῶν
1298 1358 1527 1407 εὐεργεσιῶν
1557 1358 1645 1407 ἴσην
1674 1363 1721 1407 τῇ

418 1419 584 1470 ὠφελείᾳ
612 1419 781 1458 τίκτουσι
809 1420 879 1471 τὴν
909 1420 1083 1472 ἀμοιβήν.

416 1484 441 1532 §
466 1483 511 1522 12
541 1483 665 1521 καίτοι
694 1485 767 1522 ὑπὸ
798 1486 865 1535 μὲν
886 1485 1069 1535 ἀργυρίου
1090 1486 1213 1530 οὐδεὶς
1233 1485 1389 1536 βελτίων
1410 1486 1461 1530 εἰς
1481 1485 1550 1535 τὴν
1570 1486 1720 1536 ἡμέραν

419 1547 562 1598 ταύτην
593 1548 796 1599 ἱστορεῖται
825 1548 1039 1601 γενόμενος,
1068 1549 1088 1588 ὁ
1118 1549 1160 1587 δὲ
1190 1549 1345 1600 δόκιμος
1373 1549 1479 1599 φίλος
1503 1579 1511 1588 .
1543 1580 1551 1589 .
1583 1580 1591 1587 .

438 1611 670 1662 Sequuntur
705 1612 836 1652 variae
874 1613 1132 1663 epistularum
1170 1612 1419 1652 Antisthenis
1456 1618 1494 1652 et
1531 1613 1719 1664 Aristippi

311 1675 546 1722 sententiae,
592 1686 697 1725 quae
737 1686 884 1726 magna
929 1687 977 1716 ex
1013 1681 1124 1726 parte
1165 1676 1217 1716 ad
1254 1677 1485 1727 cynicorum
1525 1678 1719 1717 rationem

310 1739 518 1790 pertinent.

309 1814 372 1853 ep.
395 1804 419 1841 8
447 1804 519 1841 οὐκ
555 1805 635 1841 ἔστι
671 1809 779 1841 τοῦτο
814 1804 1033 1854 φιλοσοφεῖν
1078 1806 1119 1842 τὸ
1156 1807 1264 1854 παρὰ
1301 1805 1498 1855 τυράννοις
1534 1805 1720 1855 ἀνδράσιν

417 1868 513 1905 εἶναι
548 1868 615 1905 καὶ
644 1866 864 1913 Σικελικαῖς
899 1868 1154 1918 προσανέχειν
1183 1868 1404 1918 τραπέζαις,
1441 1868 1542 1906 ἀλλὰ
1573 1868 1719 1919 μᾶλλον

415 1932 456 1968 τὸ
486 1932 526 1969 ἐν
555 1936 602 1980 τῇ
633 1931 708 1981 ἰδίᾳ
737 1937 811 1970 τῶν
833 1932 1038 1982 αὐτάρκων
1059 1932 1240 1982 ἐφίεσθαι
1270 1943 1399 1982 usque
1429 1932 1479 1971 ad
1501 1933 1620 1972 verba
1650 1934 1718 1970 καί

415 2000 535 2033 ταῦτα
564 1995 751 2045 τύραννοι.

308 2070 372 2109 ep.
394 2059 419 2098 8
447 2058 588 2097 ὁπόσον
617 2060 682 2097 οὖν
704 2058 825 2109 ὑγίειά
854 2072 894 2096 τε
913 2060 981 2096 καὶ
1000 2059 1183 2109 φρόνησις
1204 2059 1317 2097 νόσου
1347 2071 1387 2096 τε
1407 2059 1476 2096 καὶ
1495 2059 1717 2110 ἀφροσύνης

416 2123 598 2174 διαφέρει,
620 2129 798 2162 τοσοῦτον
820 2124 866 2162 ἂν
882 2124 949 2161 καὶ
970 2124 1017 2161 σὺ
1033 2122 1245 2173 διενέγκαις
1264 2123 1359 2173 πρὸς
1377 2124 1424 2160 τὰ
1445 2128 1510 2161 νῦν
1532 2124 1591 2161 σοί
1611 2124 1714 2162 ὄντα.

308 2198 370 2238 ep.
398 2187 439 2226 ll
474 2189 517 2226 οὐ
546 2189 621 2238 γὰρ
652 2189 754 2239 αὐτῷ
785 2188 826 2238 (i.
849 2199 883 2228 e.
912 2186 1153 2235 Antistheni)
1185 2187 1344 2238 ἀρέσκει
1372 2187 1569 2238 τυράννοις
1596 2187 1716 2238 φίλοις

413 2252 603 2302 χρῆσθαι,
635 2252 735 2290 ἀλλὰ
767 2283 774 2292 .
807 2282 814 2290 .
847 2282 854 2291 .

307 2326 369 2366 ep.
397 2316 443 2355 12
473 2316 647 2367 μέμνησο
669 2317 795 2368 μέντοι
814 2317 925 2368 λιμοῦ
946 2318 1014 2355 καὶ
1037 2316 1161 2367 δίψης.
1193 2322 1313 2355 ταῦτα
1333 2318 1408 2367 γὰρ
1429 2316 1587 2355 δύναται
1617 2316 1715 2366 μέγα

414 2385 489 2425 τοῖς
519 2381 773 2431 σωφροσύνην
803 2381 1019 2419 διώκουσιν.

308 2455 370 2494 ep.
392 2444 443 2483 20
472 2443 554 2494 Τὴν
584 2446 652 2496 μὲν
683 2445 756 2495 σὴν
785 2445 994 2495 καρτερίαν
1025 2475 1033 2483 .
1066 2475 1072 2482 .
1107 2475 1114 2483 .
1144 2444 1382 2495 Ἀθήνησιν.

307 2518 370 2558 ep.
392 2507 439 2547 21
474 2508 523 2547 de
559 2508 666 2548 luctu
702 2508 902 2559 quaedam
938 2508 1174 2548 sententiae.
1211 2509 1275 2558 §1
1315 2508 1537 2560 λυπουμένη
1568 2509 1715 2546 ἕκαστα

413 2573 482 2609 καὶ
511 2572 678 2623 σεαυτὴν
700 2572 900 2623 ἀδικήσεις
925 2573 993 2610 καὶ
1012 2573 1098 2617 τοὺς
1125 2573 1282 2618 παῖδας.
1326 2574 1351 2621 §
1371 2573 1395 2611 2
1423 2572 1527 2623 λύπη
1549 2573 1591 2611 δὲ
1612 2574 1721 2610 δοκεῖ

306 2656 367 2688 οἶοι
389 2657 438 2689 καὶ
462 2657 610 2690 Δαναοῖσι
632 2659 780 2697 μετέασιν
804 2659 959 2700 ἀριστῆες,
983 2657 1085 2690 aaron*
1113 2659 1302 2690 ἐπικίδναται
1325 2658 1394 2701 ἠώς
1416 2657 1571 2696 Homeri,
1595 2667 1646 2698 ep.
1674 2657 1712 2688 31

310 2708 326 2747 ἓ
347 2711 361 2740 l
388 2709 545 2742 Hesiodi.
571 2710 767 2748 Accedunt,
792 2721 880 2752 quae
904 2710 946 2742 de
972 2711 1130 2742 versibus
1154 2712 1295 2743 comicis
1319 2712 1448 2753 passim
1473 2711 1555 2742 dixi.
