2138 3299
929 357 1198 399 ..95-

358 487 518 528 fontem
547 487 774 540 respexisse
804 500 903 528 vero
933 486 1170 539 proximum
1199 490 1275 526 est.
1340 486 1421 527 Sed
1451 486 1579 526 etiam
1609 487 1700 528 aliis
1730 488 1774 528 in

356 551 555 604 epistulis,
572 551 773 604 imprimis
788 552 831 592 i'n
846 552 1028 594 secunda
1041 551 1148 591 illius
1163 551 1426 598 collectionis,
1443 552 1641 591 nonnulla
1655 552 1773 592 nobis

356 620 592 663 occurrunt,
624 629 733 669 quae
763 616 808 656 in
836 617 1023 669 epistulis
1057 616 1275 657 Socraticis
1305 616 1456 656 similia
1485 616 1689 668 leguntur.
1721 639 1774 646 —-

356 679 408 719 In
423 680 602 732 epistula
620 684 643 720 2
660 681 877 720 Platonica
892 684 935 720 et
952 681 1206 720 Philistionis
1222 683 1266 720 et
1283 680 1517 732 Polyxenil)
1534 680 1690 719 mentio
1706 680 1772 727 fit,

355 744 428 796 qui
453 745 532 796 ipsi
557 744 826 785 nominantur
860 745 904 785 in
934 758 1027 797 epp.
1058 745 1168 785 Socr.
1198 748 1248 785 35
1272 749 1316 784 et
1343 748 1403 784 36.
1458 744 1614 785 Studiis
1639 744 1773 785 doctis

356 808 480 849 hodie
494 809 646 849 scimus
663 810 923 861 Polyxenum
938 810 1067 855 illum,
1085 809 1156 861 qui
1171 808 1358 860 epistulis
1375 808 1540 848 Platoni
1556 808 1773 859 adscriptis

358 875 381 911 2
402 877 445 911 et
470 876 518 912 13
539 873 720 925 alibique
741 877 1100 919 commemoratur,
1128 872 1335 912 neminem
1357 872 1484 912 alium
1503 885 1591 912 esse
1611 872 1691 911 nisi
1710 885 1772 912 so-

356 936 540 986 phistam
564 936 694 983 illum,
719 937 791 988 qui
816 941 961 976 auctor
985 940 1076 976 erat
1101 936 1315 977 doctrinae
1338 936 1438 982 eius,
1464 949 1549 988 qua
1572 936 1773 988 agebatur

355 999 408 1038 de
434 999 547 1053 τρίτῳ
576 1000 822 1054 ἀνθρώπῳ2).

489 1077 691 1128 Epistulis
710 1077 928 1117 Socraticis
944 1077 1215 1117 confirmatur
1232 1077 1503 1128 Polyxenum,
1520 1076 1592 1128 qui
1608 1080 1657 1116 ut
1672 1076 1773 1117 dicit

357 1140 479 1180 Plato
499 1153 563 1193 ep.
588 1141 630 1180 II
655 1141 768 1181 3100
797 1141 984 1181 narravit
1006 1141 1205 1193 Dionysio
1228 1141 1270 1180 II
1302 1140 1487 1180 Platonis
1508 1140 1773 1180 familiarium

357 1205 580 1257 opprobria
594 1205 639 1244 in
652 1217 790 1257 regem
806 1206 932 1252 iacta,
949 1205 1104 1257 quique
1120 1206 1232 1257 apud
1249 1205 1467 1245 Platonem
1482 1217 1647 1245 morans
1663 1218 1772 1244 eom-

356 1273 609 1308 memoratur
640 1270 712 1318 (ὅτι
741 1271 784 1309 οὐ
812 1269 1007 1322 πέμψαιμί
1028 1274 1117 1318 σοι),
1148 1269 1191 1308 in
1213 1268 1385 1309 Graecia
1403 1269 1528 1308 fuisse
1537 1281 1546 1315 ;
1576 1273 1703 1321 atque
1721 1281 1774 1308 ex

354 1332 558 1384 epistulae
589 1336 640 1372 36
671 1334 807 1373 verbis
845 1334 1032 1373 κέλευσον
1077 1334 1120 1373 δέ
1157 1348 1219 1386 μοι
1253 1332 1467 1380 Πολύξενόν
1509 1346 1551 1372 τε
1584 1334 1652 1373 καὶ
1686 1335 1773 1379 τοὺς

356 1397 529 1449 ἑταίρους
556 1398 626 1437 καὶ
652 1399 700 1437 τὰ
732 1398 891 1449 γραΐδια
919 1400 988 1437 καὶ
1014 1400 1101 1444 τοὺς
1128 1404 1254 1449 νομεῖς
1281 1398 1430 1449 γράψαι
1463 1399 1531 1444 τὰς
1559 1396 1652 1449 παρ’
1686 1398 1772 1449 ὑμῖν

356 1462 561 1508 συνουσίας
604 1463 717 1502 haud
753 1462 928 1501 dubium
962 1475 1050 1501 esse
1088 1462 1266 1508 videtur,
1308 1461 1411 1513 quin
1456 1463 1689 1513 Polyxenus
1730 1461 1774 1500 in

355 1526 577 1566 Academia
591 1525 682 1578 ipsa
690 1530 879 1565 versatus
890 1526 958 1572 sit,
970 1525 1212 1579 praesertim
1224 1538 1320 1565 cum
1327 1537 1423 1565 eum
1432 1525 1476 1565 in
1485 1525 1669 1565 Platonis
1678 1525 1772 1565 doc-

355 1591 512 1629 trinam
525 1590 741 1629 invectum
753 1602 841 1629 esse
854 1594 1003 1629 notum
1015 1590 1088 1636 sit;
1112 1602 1164 1629 ex
1177 1590 1379 1640 epistulae
1394 1593 1444 1629 35
1457 1590 1593 1629 verbis
1606 1589 1772 1637 Πολύξε-

357 1667 419 1701 νος
454 1654 494 1693 ἐν
529 1658 605 1700 τοῖς
639 1652 901 1707 πορθμείοιςθ)
945 1653 1061 1693 illum
1091 1653 1176 1693 iam
1213 1657 1338 1692 antea
1369 1653 1413 1692 in
1447 1653 1618 1693 Graecia
1648 1652 1773 1692 fuisse

359 1719 551 1767 (Platone
578 1718 694 1767 vivo)
724 1720 979 1769 carpendum
1005 1721 1082 1757 est.

485 1858 519 1901 1)
542 1857 695 1892 Allatius
718 1861 756 1891 et
778 1857 931 1891 Orellius
953 1857 1179 1901 Polyxenam
1203 1866 1281 1891 esse
1303 1856 1458 1890 adfinem
1474 1856 1714 1890 HermocratiS
1737 1859 1774 1890 et

354 1912 521 1956 Dionysii
542 1912 562 1944 Ι
591 1921 775 1955 generum,
806 1912 908 1944 cuius
936 1912 1068 1944 mentio
1098 1911 1141 1944 fit
1164 1910 1258 1954 apud
1285 1910 1484 1943 Diodorum
1515 1910 1582 1944 Sic.
1606 1910 1703 1943 XIII
1718 1911 1771 1943 96.

354 1965 441 1998 XIV
456 1965 508 2005 62,
541 1965 808 2007 existimarunt3
845 1964 889 1997 de
919 1974 1002 2008 quo,
1037 1967 1225 2007 postquam
1253 1964 1290 1996 in
1321 1963 1503 1997 Graeciam
1537 1964 1572 1995 in
1609 1963 1773 1997 exsilium

354 2020 492 2053 eiectus
516 2022 582 2059 est,
604 2018 694 2051 nihil
716 2018 891 2052 audimus.
918 2019 1010 2051 Item
1035 2018 1193 2051 Hercher
1214 2018 1251 2049 in
1274 2017 1489 2060 Epistologr.
1514 2027 1631 2061 graec.
1657 2017 1774 2050 indice

355 2082 447 2110 eum,
471 2073 532 2115 qui
550 2072 745 2105 Platonicis
767 2072 804 2103 in
828 2072 989 2115 epistulis
1012 2072 1152 2111 citatur,
1177 2081 1258 2104 cum
1273 2069 1446 2115 Dionysio
1461 2080 1594 2114 genero
1616 2080 1773 2104 commu-

354 2127 466 2166 tavit;
489 2125 533 2159 de
557 2126 627 2160 hoc
650 2125 748 2159 nulla
771 2125 879 2159 verba
903 2125 1000 2160 fecit.

483 2191 521 2232 2)
545 2190 652 2224 Plura
682 2190 726 2224 de
758 2200 801 2224 eo
832 2191 995 2224 invenies
1016 2189 1154 2224 PWRE
1176 2189 1233 2222 III
1259 2200 1291 2233 p.
1307 2189 1371 2223 928
1400 2189 1546 2233 Natorp.
1582 2207 1619 2215 -—
1647 2189 1774 2223 Omnia

355 2254 445 2287 quae
461 2244 505 2277 de
520 2254 563 2278 eo
578 2245 710 2278 scimus
728 2244 798 2287 (his
812 2244 902 2277 locis
922 2244 1076 2286 omissis)
1096 2244 1229 2287 primus
1245 2244 1445 2288 composuit
1460 2243 1606 2277 Carolus
1621 2243 1773 2277 Baetim-

354 2299 426 2336 ker,
449 2298 575 2332 Rhein.
598 2297 691 2331 Mus.
706 2297 808 2331 Neue
823 2298 943 2340 Folge,
969 2297 1131 2332 XXXIV
1145 2298 1273 2340 (1879),
1288 2309 1322 2341 p.
1342 2298 1444 2341 64⁸q.
1465 2314 1500 2320 —
1521 2297 1641 2330 Etiam
1655 2297 1773 2331 Ritter

355 2353 404 2394 (p.
420 2351 495 2391 393,
525 2350 606 2384 adn.
624 2351 693 2391 84),
731 2351 790 2393 qui
815 2351 949 2393 primus
981 2361 1035 2394 ep.
1066 2351 1166 2385 Socr.-
1194 2351 1304 2385 verba
1332 2352 1525 2390 arcessivit,
1556 2351 1700 2384 uberius
1728 2350 1773 2383 de

355 2405 515 2448 sophista
539 2404 717 2438 disseruit.

484 2468 521 2509 3)
546 2467 604 2501 Sic
633 2478 695 2511 pro
727 2471 891 2511 corrupto
920 2471 1108 2513 πορθασίοις
1143 2469 1250 2510 (idem
1285 2469 1359 2513 legi
1397 2470 1432 2502 in
1471 2469 1548 2503 cod.
1584 2469 1772 2509 Vaticano)

354 2522 476 2565 posuit
498 2521 667 2555 Hercher.
694 2521 786 2554 Puto
810 2523 915 2555 etiam
940 2523 1054 2556 simile
1070 2523 1248 2566 quoddam
1264 2523 1412 2556 verbum
1437 2522 1673 2566 supplendum
1695 2531 1773 2556 esse

354 2575 400 2609 ad
421 2574 530 2608 verba
553 2577 588 2608 ἐν
610 2579 679 2609 τοῖς
699 2576 786 2619 ὄρεσι
815 2578 852 2608 et
883 2578 917 2609 ἐν
938 2580 1010 2610 ταῖς
1029 2578 1126 2614 ὁδοῖς.
1155 2579 1199 2609 ut
1220 2579 1380 2620 πορθμεῖα
1410 2575 1618 2620 significent.
1643 2569 1773 2617 ,Uber-

354 2630 635 2673 gangsstation,“
666 2630 725 2663 vel
754 2640 864 2662 naves
893 2631 999 2673 ipsae,
1030 2631 1156 2674 quibus
1186 2632 1374 2666 traiectum
1402 2631 1458 2665 sit.
1504 2630 1631 2669 Ritter,
1661 2641 1694 2675 p.
1708 2631 1774 2664 394

354 2684 479 2717 vertit:
504 2684 557 2716 als
580 2685 686 2721 einer,
712 2683 774 2716 der
794 2684 865 2716 viel
888 2684 950 2715 auf
969 2684 1098 2716 Reisen
1123 2686 1180 2717 ist.
