2138 3299
929 295 981 301 --
1036 272 1195 312 57-

353 401 520 441 ferimus
546 414 652 452 quae
679 401 851 439 tradunt
877 400 1096 451 scriptores
1124 399 1205 444 alii,
1233 398 1508 448 intellegimus
1535 399 1643 437 hunc
1672 411 1764 437 auc-

353 469 485 505 torem
504 478 590 504 rem
610 465 790 504 maxime
809 477 1027 503 exornasse
1048 469 1175 515 atque
1194 464 1440 514 depinxisse,
1461 463 1511 502 cf.
1536 463 1663 502 verba
1687 465 1705 512 ἓ
1725 466 1762 501 1;

352 532 393 569 τὸ
414 531 589 582 δεύτερον
619 529 846 576 ἐπέστελλες
865 531 933 568 καὶ
951 529 1110 568 πλείονα
1139 529 1276 568 δώσειν
1297 530 1484 580 ὑπισχνοῦ
1502 558 1509 566 .
1529 558 1536 565 .
1555 557 1562 565 .
1587 527 1672 567 ἀλλ’
1704 528 1766 567 ἐπὶ

353 595 502 634 πλείοσι
516 601 590 633 τῶν
605 594 689 633 τότε
705 593 912 644 διδομένων
927 594 1000 631 ὑπὸ
1017 599 1086 631 σοῦ
1101 595 1141 629 et
1161 594 1179 640 ἓ
1200 595 1263 629 1οῖ
1282 595 1329 631 σὺ
1345 593 1388 630 δὲ
1402 594 1552 643 καὶτῆς
1567 592 1765 644 βασιλείας

353 660 502 711 ἔφησας
532 659 645 711 μέρος
665 657 811 697 διδόναι
830 658 898 696 καὶ
917 657 1171 708 παρακαλεῖς,
1203 658 1255 708 μὴ
1277 656 1327 703 ὡς
1353 656 1561 708 ἀρξάμενον
1582 657 1763 709 βαδίζειν,

353 724 438 762 ἀλλ’
460 724 510 769 ὡς
529 722 745 762 τούναντίον
766 721 930 773 ἄρξοντα
950 723 1017 761 καὶ
1036 728 1109 760 τῶν
1131 721 1259 761 ἄλλων
1279 723 1347 760 καὶ
1368 727 1437 760 σοῦ
1458 723 1586 761 αὐτοῦ.
1610 720 1652 759 Si
1668 733 1765 759 vero

351 799 423 825 rex
451 786 648 826 invitavit
678 785 981 836 philosophum,
1012 797 1107 824 eum
1136 797 1263 823 unam
1292 789 1459 824 tanturn
1488 784 1709 835 epistulam
1730 785 1766 823 ei

351 851 559 900 scripsisse
574 849 791 888 verisimile
806 854 880 888 est.
903 849 1009 888 Fieri
1025 849 1176 899 potuit,
1194 853 1240 887 ut
1256 849 1336 894 ille,
1353 849 1425 899 qui
1440 853 1504 887 tot
1520 849 1765 887 clarissimos

353 914 461 953 viros
493 914 546 952 ad
575 926 618 952 se
649 917 885 959 vocaverat,
917 912 1168 952 desideraret
1202 912 1413 952 Socratem
1444 925 1609 964 quoque
1640 912 1693 951 ad
1722 924 1765 951 se

353 978 697 1028 appropinquare,
719 977 872 1027 quippe
892 977 1006 1015 tama
1025 978 1111 1016 eius
1131 977 1214 1016 iam
1235 982 1334 1015 tunc
1355 990 1437 1015 non
1458 978 1607 1027 exigua
1625 977 1763 1016 tuerit.

353 1041 652 1081 Posterioribus
677 1045 817 1080 autem
840 1041 1109 1092 temporibus,
1135 1041 1286 1093 quibus
1305 1042 1509 1092 ,epistulae
1533 1041 1765 1093 principum

353 1107 406 1145 ad
452 1106 715 1156 philosophos
762 1105 992 1155 permultae
1037 1106 1393 1156 supponebantur,
1441 1105 1554 1144 illam
1600 1118 1766 1156 quoque

352 1170 573 1221 epistulam
604 1169 857 1208 Socraticam
885 1173 1020 1208 ortam
1049 1182 1135 1208 esse
1163 1182 1320 1209 censeo.

354 1280 414 1316 23.
465 1276 745 1316 Similitudo
763 1289 867 1315 cum
886 1277 1112 1327 epistulis
1130 1277 1418 1328 Cynicorum
1435 1282 1475 1316 et
1496 1278 1764 1316 Platonicis

887 1334 934 1369 et
963 1330 1227 1381 Epicureis.

484 1395 698 1445 Epistulae
723 1394 903 1433 Socratis
925 1399 966 1433 et
992 1394 1294 1433 Socraticorum
1316 1407 1398 1433 non
1421 1395 1543 1434 valde
1564 1395 1764 1433 differunt

353 1459 406 1498 ab
428 1459 613 1510 epistulis
637 1459 884 1509 Cynicorum
907 1462 948 1498 et
973 1458 1208 1497 Platonicis.
1263 1459 1383 1509 Quod
1406 1459 1459 1497 ad
1482 1459 1572 1497 illas
1596 1459 1763 1504 attinet,

352 1523 529 1573 suspicio
549 1526 612 1562 est
634 1535 703 1561 eas
723 1526 911 1573 spectare
933 1522 987 1561 ad
1007 1522 1151 1561 eadem
1172 1523 1328 1572 scripta
1349 1523 1507 1573 cynica,
1530 1523 1680 1573 quibus
1702 1523 1765 1562 usi

351 1591 449 1625 sunt
469 1590 656 1625 auctores
673 1587 965 1625 nonnullarum
983 1586 1267 1637 epistularum,
1288 1599 1395 1636 quae
1415 1586 1633 1625 Socraticis
1652 1587 1765 1625 addi-

353 1655 515 1690 cuntur.
566 1651 703 1701 Quare
724 1650 853 1689 statui
877 1654 1041 1701 oportet
1063 1662 1146 1688 non
1169 1650 1387 1689 verisimile
1409 1662 1495 1689 esse
1517 1650 1558 1689 in
1581 1650 1766 1700 epistulis

353 1716 506 1766 cynicis
545 1715 774 1754 Socraticas
810 1715 1019 1754 adhibitas
1054 1714 1187 1762 essel).
1261 1714 1368 1753 Sane
1403 1719 1543 1754 autem
1579 1719 1766 1754 auctores

353 1780 623 1830 epistularum
640 1779 942 1818 Socraticarum
956 1791 1007 1817 ex
1020 1779 1219 1830 epistulis
1234 1791 1341 1830 quae
1355 1779 1519 1818 Platoni
1533 1779 1766 1818 attribuun-

353 1848 434 1890 tur,
457 1845 640 1883 hausisse
662 1844 834 1894 cogitari
857 1848 1007 1894 potest,
1038 1844 1072 1882 si
1093 1856 1176 1883 non
1199 1848 1376 1895 utraque
1405 1844 1583 1894 epistula
1603 1848 1765 1894 spectat

355 1909 408 1948 ad
435 1909 612 1948 eundem
640 1908 811 1948 fontem.

485 1973 693 2012 Nonnulla
709 1974 830 2017 liceat
848 1973 949 2011 mihi
966 1973 1099 2011 tacere
1117 1973 1244 2011 verba
1260 1974 1310 2011 de
1327 1973 1500 2018 ratione,
1519 1985 1626 2023 quae
1642 1973 1765 2011 inter—

352 2038 472 2075 cedat
494 2037 602 2076 inter
622 2037 820 2087 epistulas
845 2036 1075 2075 Socraticas
1096 2041 1137 2074 et
1161 2036 1384 2086 Epicureas
1407 2037 1471 2075 vel
1492 2037 1647 2086 scripta
1669 2037 1764 2087 Epi-

353 2101 520 2148 curea2).
562 2101 769 2151 Imprimis
789 2101 916 2139 verba
935 2100 1113 2150 epistula
1132 2103 1181 2137 29
1205 2100 1312 2137 Socr.
1336 2112 1429 2138 cum
1451 2100 1618 2149 Epicuri
1638 2104 1763 2138 testa-

352 2168 494 2203 mento
512 2164 793 2214 comparanda
810 2167 919 2202 sunt.
957 2163 1098 2202 Affero
1117 2163 1234 2201 haec:
1256 2163 1329 2213 frg.
1353 2166 1427 2202 217
1449 2165 1763 2211 (testamentum

353 2228 550 2278 Epicuri),
581 2240 618 2277 p.
655 2231 790 2272 165,11
823 2227 1032 2275 Usener³):
1070 2229 1138 2277 τὴν
1168 2229 1208 2266 ἐν
1238 2234 1289 2278 τῷ
1318 2228 1434 2278 κήπῳ
1464 2229 1661 2279 διατριβὴν
1690 2242 1764 2266 πα-

354 2292 662 2345 ρακατατίθεμαι
681 2298 756 2339 τοῖς
784 2292 815 2331 τ’
838 2294 962 2332 αὐτῶν
984 2292 1250 2345 κληρονόμοις.
1281 2304 1342 2342 ep.
1363 2292 1472 2330 Socr.
1492 2294 1541 2330 29
1567 2293 1642 2341 §4:
1676 2294 1763 2332 ταύ-

352 2371 421 2408 την
443 2357 776 2406 (philosophiam)
798 2359 874 2408 γὰρ
895 2359 997 2408 αὐτῷ
1018 2357 1242 2395 καταλείπω
1263 2357 1332 2407 τὴν
1353 2359 1469 2403 ὄντως
1489 2358 1762 2409 κληρονομίαν.

482 2432 514 2474 1)
538 2431 582 2465 cf.
608 2432 714 2464 etiam
739 2431 795 2464 W.
820 2431 971 2475 Capelle,
996 2431 1050 2464 De
1074 2432 1286 2475 Cynicorum
1312 2431 1482 2474 epistulis,
1506 2443 1539 2474 p.
1556 2432 1586 2464 9.

481 2487 515 2528 2)
538 2486 620 2519 Jam
644 2485 842 2518 Guilelmus
859 2485 1027 2518 Oroenert
1051 2485 1147 2527 (Kol.
1164 2495 1201 2518 u.
1219 2485 1377 2527 Mened.)
1401 2495 1446 2518 ex
1469 2485 1609 2518 dicendi
1632 2486 1765 2518 ratione

353 2540 600 2582 cognationem
622 2539 797 2582 quandam
820 2540 957 2573 statuit.

481 2595 515 2634 3)
541 2593 764 2627 Hermannus
787 2594 934 2633 Usener,
957 2593 1138 2637 Epicurea,
1163 2593 1257 2637 Lips.
1278 2594 1371 2627 1887.
