2138 3299
953 328 1219 368 -18-

376 458 547 497 decursu
578 457 834 498 incredibiles
864 458 1122 508 fingebantur
1152 457 1454 505 narrationes1),
1484 468 1588 508 quae
1617 457 1793 498 Socratis

378 522 548 573 eiusque
565 521 702 562 uxoris
716 521 866 562 famam
884 522 1154 561 detrectarent.
1185 520 1278 569 Qua
1294 520 1345 560 de
1361 532 1483 561 causa
1504 522 1792 562 recentioribus

374 586 630 637 temporibus
658 586 728 625 viri
751 586 858 626 docti
889 586 927 625 in
949 585 1204 636 Xanthippae
1231 585 1338 624 fama
1369 589 1407 625 et
1436 586 1591 625 honore
1621 586 1790 625 redinte-

375 649 533 700 grando
549 650 728 689 studium
746 650 1005 694 collocarunt,
1031 648 1143 699 quod
1160 649 1312 699 optime
1331 660 1423 689 meo
1445 649 1608 700 quidem
1630 650 1790 689 arbitrio

376 714 546 765 contigit
584 714 775 755 Eduardo
811 712 988 762 Zeller2),
1029 713 1098 764 qui
1138 715 1300 754 secutus
1339 716 1398 754 est
1442 713 1532 754 Chr.
1562 712 1789 765 Augustum

376 778 594 818 Heumann
616 777 728 827 (Acta
748 778 1087 829 philosophorum
1109 776 1133 825 1,
1160 777 1273 823 1715,
1295 788 1334 828 p.
1356 776 1561 829 103sq.)⁸).
1591 777 1789 829 Equidem

376 844 508 883 sentio
540 843 614 882 hac
642 842 812 893 epistula
843 842 1108 882 demonstrari
1125 841 1301 882 Socratis
1330 842 1484 882 amicos
1513 853 1553 882 re
1582 853 1674 882 vera
1704 843 1791 882 eius

376 907 630 956 propinquos
650 906 834 956 pecuniis
855 907 1042 955 victuque
1071 905 1298 945 adiuvasse.
1331 906 1563 957 Xanthippe
1583 917 1666 957 quo
1696 918 1790 957 erga

376 969 582 1009 Socratem
613 969 751 1008 animo
780 969 909 1015 fuerit,
947 973 1078 1008 utrum
1107 969 1331 1009 tristissima
1361 969 1478 1009 fuerit
1507 980 1648 1017 necne,
1683 973 1789 1010 certo

375 1034 452 1073 ‹lici
474 1044 556 1073 non
579 1035 725 1084 potest.
756 1033 1017 1084 Perspicuum
1038 1037 1172 1073 autem
1194 1033 1349 1073 videtur
1368 1045 1458 1074 eam
1480 1033 1600 1074 laude
1621 1033 1788 1086 dignam

374 1108 477 1145 esse,
519 1108 624 1148 quae
661 1096 868 1137 Socratem
908 1097 1050 1143 tulerit,
1091 1108 1263 1148 eamque
1304 1102 1397 1148 post
1437 1098 1565 1137 mariti
1606 1102 1788 1145 mortem,

374 1162 514 1213 quanti
544 1161 821 1202 aestimandus
850 1165 968 1209 esset,
1006 1161 1150 1202 rectius
1186 1162 1306 1201 etiam
1338 1173 1554 1213 cognosse.
1613 1161 1788 1209 Accedit,

375 1226 487 1276 quod
516 1238 565 1265 ex
594 1226 775 1265 Platonis
803 1217 1023 1265 Phaedone
1053 1228 1109 1276 (p.
1131 1225 1240 1273 6οΑ)
1278 1226 1551 1277 comperimus
1584 1237 1673 1266 eam
1705 1237 1787 1265 non

374 1289 521 1329 malam
553 1290 775 1337 mulierem,
805 1290 876 1329 sed
897 1289 1038 1329 dolore
1059 1293 1253 1340 arreptam
1275 1288 1392 1329 valde
1419 1289 1631 1329 sollicitam
1650 1289 1788 1337 fuisse,

374 1358 417 1393 ut
446 1356 554 1393 certo
584 1354 780 1393 affirmare
801 1354 1008 1404 possimus
1038 1353 1144 1392 illam
1168 1354 1310 1393 marito
1332 1353 1508 1393 deditam
1530 1353 1788 1393 iudicandam

373 1428 461 1456 esse
500 1428 679 1456 uxorem.
736 1416 874 1456 Itidem
922 1417 1061 1456 harum
1099 1417 1314 1456 litterarum
1356 1419 1495 1456 auctor
1532 1416 1789 1468 Xanthippae

373 1482 572 1521 honorem
603 1480 820 1521 defendere
850 1480 926 1521 sibi
957 1480 1221 1532 proposuisse
1250 1480 1416 1521 videtur.

503 1545 632 1585 Aliam
665 1546 792 1585 multo
823 1546 1017 1585 maiorem
1039 1545 1315 1585 difficultatem
1346 1545 1510 1595 praebet
1538 1545 1709 1596 epistula
1724 1545 1788 1593 29,

374 1611 443 1650 ubi
482 1610 533 1650 de
562 1609 738 1651 Socratis
775 1610 969 1650 uxoribus
1006 1614 1044 1650 et
1080 1609 1164 1650 filio
1203 1620 1336 1650 sermo
1375 1611 1444 1650 est.
1502 1608 1646 1650 Scribit
1680 1610 1787 1650 enim

372 1675 601 1725 Aristippus
630 1675 682 1714 ad
701 1674 847 1714 Areten
869 1675 1012 1713 filiam:
1043 1676 1068 1723 §
1088 1674 1124 1712 3.
1154 1673 1364 1724 Ἀθήναζε
1392 1674 1523 1724 χώρει,
1555 1673 1788 1724 Ξανθίππην

372 1740 440 1778 καὶ
468 1738 610 1790 Μυρτὼ
647 1739 722 1790 πρὸ
758 1739 900 1785 παντὸς
935 1738 1158 1790 ποιουμένη,
1196 1739 1239 1777 αἵ
1273 1751 1320 1790 με
1357 1737 1545 1785 πολλάκις
1582 1737 1788 1790 ἐλιπάρουν

372 1805 433 1841 ἐπὶ
464 1803 656 1854 μυστήριά
687 1816 732 1841 σε
761 1805 880 1853 ἄγειν.
911 1805 952 1840 τὸ
981 1805 1047 1841 οὖν
1077 1803 1151 1852 ἡδὺ
1173 1803 1354 1854 βιότευμα
1385 1805 1479 1853 μετὰ
1508 1803 1649 1841 τούτων
1679 1804 1788 1853 ἔχου-

373 1881 424 1906 σα
456 1898 463 1907 .
497 1898 505 1906 .
537 1898 545 1906 .
575 1872 696 1918 πειρῶ
727 1868 769 1906 δὲ
800 1869 896 1919 μετὰ
926 1866 1162 1918 Ξανθίππης
1196 1868 1265 1906 καὶ
1293 1866 1469 1918 Μυρτοῦς
1498 1866 1583 1918 ζῆν,
1620 1866 1671 1913 ὡς
1706 1868 1789 1919 ἐμοὶ

371 1932 480 1981 φίλον
520 1933 616 1982 μετὰ
644 1931 888 1981 Σωκράτους,
925 1932 1042 1969 πλέον
1080 1932 1143 1969 διὰ
1172 1937 1241 1981 τῆς
1278 1931 1436 1970 ἐκείνων
1465 1931 1592 1981 φιλίας
1622 1932 1788 1981 σεαυτὴν

373 1995 606 2034 στέλλουσαε
645 1996 772 2033 ἐκεῖθι
807 1997 883 2045 γὰρ
912 1996 954 2033 τὸ
984 1996 1150 2047 σοβαρὸν
1185 1997 1258 2046 οὐχ
1293 1995 1510 2047 ἐπιχώριον.
1558 1996 1583 2044 §
1612 1995 1648 2034 4.
1688 1996 1720 2033 εἰ
1749 1994 1782 2033 δ’

371 2060 482 2098 ἔλθοι
511 2060 655 2098 θᾶττον
693 2061 774 2110 ἅμα
803 2059 1071 2110 Λαμπροκλῆς
1108 2061 1159 2105 εἰς
1188 2059 1374 2110 Κυρήνην
1412 2060 1433 2098 ὁ
1469 2058 1713 2109 Σωκράτους,
1748 2059 1789 2105 ὃς

371 2125 411 2162 ἐν
440 2123 634 2175 Μεγάροις
671 2123 804 2175 ὡμίλει
841 2136 914 2174 μοι,
951 2123 1125 2174 ποιήσεις
1162 2126 1303 2174 ἄριστα
1339 2123 1570 2174 κοινουμένη
1608 2124 1671 2161 τὸν
1710 2123 1788 2175 βίον

504 2221 536 2261 1)
559 2219 695 2255 Omnia,
730 2229 819 2260 quae
845 2220 880 2250 in
902 2218 1125 2261 Xanthippae
1149 2219 1304 2252 dedecus
1329 2222 1501 2261 congesta
1526 2222 1620 2256 sunt,
1646 2219 1789 2261 collegit
1815 2221 1828 2229 '

370 2272 557 2316 Menagius
581 2271 626 2305 ad
648 2272 848 2315 Diogenem
874 2272 989 2304 Laert.
1008 2272 1042 2304 11
1052 2273 1096 2305 36
1105 2283 1155 2315 sq.

501 2328 536 2367 2)
560 2327 703 2359 Titulus
720 2330 789 2360 est:
816 2327 888 2358 Zur
904 2326 1168 2369 Ehrenrettung
1192 2327 1254 2360 der
1266 2327 1479 2369 Xanthippe.
1505 2326 1789 2369 Abhandlungen

369 2380 443 2411 und
468 2380 651 2421 Vortrage,
677 2379 774 2421 Lips.
797 2380 894 2415 1866,
920 2390 953 2421 p.
974 2381 1119 2412 51—61.

500 2434 537 2474 3)
561 2434 718 2466 Cobetus
744 2432 880 2466 iudicat
902 2432 946 2465 de
969 2433 1035 2466 hac
1060 2434 1213 2476 epistula
1235 2445 1267 2476 p.
1287 2436 1347 2467 57:
1375 2432 1495 2473 „Quae
1520 2432 1640 2466 scribit
1664 2435 1789 2466 auctor

370 2498 426 2528 ep.
445 2488 499 2525 21,
539 2486 766 2529 Xanthippen
799 2489 881 2528 post,
910 2487 1065 2528 iniquam
1095 2489 1211 2520 mariti
1243 2497 1367 2520 necem
1399 2496 1557 2518 moerore
1591 2486 1788 2519 confectam

370 2540 405 2571 in
430 2549 569 2571 summo
594 2540 693 2572 luctu
724 2542 762 2572 et
785 2539 958 2572 desiderio
981 2539 1132 2582 degisse,
1164 2541 1312 2573 aliorum
1347 2539 1439 2572 dona
1461 2539 1713 2582 repudiantem.
1743 2539 1787 2572 ab

370 2593 545 2626 Aeschine
569 2597 817 2632 sustentatam,
849 2604 890 2626 ea
913 2594 1029 2626 omnia
1051 2597 1192 2637 propter
1222 2594 1330 2627 fidem
1355 2594 1450 2626 illius
1475 2593 1664 2636 scriptoris,
1696 2594 1788 2636 quis-

369 2648 447 2690 quis
473 2646 591 2685 fuerst,
615 2647 696 2690 plus
711 2658 816 2690 quam
833 2647 975 2680 dubiam
993 2657 1056 2680 nec
1071 2647 1245 2681 affirmare
1264 2658 1330 2681 nec
1345 2647 1506 2680 refellere
1519 2647 1553 2678 in
1567 2647 1683 2679 animo
1697 2650 1784 2680 est“.
