2138 3299
929 299 1198 339 ...55-

356 427 434 466 tim
463 439 558 465 cum
587 426 736 464 similia
764 425 1032 464 inveniantur
1061 426 1189 465 verba
1216 426 1258 464 in
1288 429 1541 465 testamento
1570 439 1631 472 eo,
1662 427 1773 477 quod

356 491 567 530 Aristoteli
596 489 841 528 attribuitur
869 489 1003 539 (Diog.
1035 490 1079 528 L.
1109 489 1146 528 V
1166 494 1209 529 11
1239 492 1335 530 ὅπου
1366 490 1399 530 δ’
1426 493 1472 530 ἂν
1501 497 1683 530 ποιῶνται
1703 493 1772 542 τὴν

355 557 492 607 ταφὴν,
523 555 696 594 ἐνταῦθα
725 556 793 593 καὶ
821 556 868 593 τά
890 554 1089 601 Πυθιάδος
1117 556 1214 594 ὀστᾶ
1243 555 1449 602 ἀνελόντας
1469 556 1608 604 θεῖναι,
1639 557 1772 607 ὥσπερ

356 621 452 669 αὐτὴ
490 618 757 669 προσέταξεν).
824 618 998 656 Perinde
1030 618 1235 656 incertum
1268 623 1344 663 est,
1385 631 1485 657 num
1520 619 1773 669 Speusippus

355 682 533 722 moriens
559 682 601 721 in
628 685 882 722 testamento
907 695 982 721 suo
1010 682 1288 722 Xenocratem
1313 683 1505 722 heredem
1530 683 1771 723 instituerit.

356 748 459 787 Cum
485 747 597 797 apud
622 747 759 786 varios
783 747 1003 797 scriptores
1028 751 1187 786 veteres
1213 752 1259 786 ut
1285 748 1411 786 etiam
1435 748 1477 786 in
1501 748 1564 786 his
1588 747 1774 798 epistulis

356 812 541 862 legamus
570 811 846 862 Speusippum
872 811 1114 862 praefecisse
1140 812 1419 851 Xenocratem
1443 812 1690 852 Academiae
1713 824 1773 850 re-

355 876 528 925 gendae,
552 887 603 913 ex
625 875 967 913 Academicorum
988 875 1123 913 indice
1146 876 1477 923 Herculanensi1)
1499 887 1774 914 successorem

356 951 439 977 non
456 938 509 977 ab
527 950 622 983 uno,
640 938 713 976 sed
730 937 922 976 omnibus
938 937 1147 988 suffragiis
1163 938 1257 977 latis
1274 939 1403 977 creari
1420 939 1649 989 oportuisse
1665 938 1774 978 colli-

354 1003 478 1052 gitur.
511 1002 667 1040 Tamen
684 1006 825 1040 autem
841 1002 1003 1052 opinari
1018 1015 1235 1052 possumus
1255 1003 1531 1053 Speusippum
1548 1003 1774 1041 Xenocrati

354 1067 397 1105 in
421 1065 656 1116 regionibus
685 1067 854 1105 remotis
879 1067 1062 1105 versanti
1086 1067 1308 1117 scripsisse,
1342 1071 1388 1106 ut
1414 1067 1584 1106 domum
1608 1066 1773 1112 rediret,

356 1130 456 1182 quia
475 1130 592 1169 illum
613 1130 692 1169 sibi
712 1142 998 1169 successurum
1019 1143 1105 1169 esse
1127 1131 1389 1169 desideravit.
1434 1131 1531 1169 Post
1557 1130 1774 1181 Speusippi

357 1199 536 1234 mortem
558 1194 814 1234 Xenocrates
834 1206 1042 1234 successor
1062 1199 1225 1234 creatus
1245 1200 1321 1241 est,
1343 1208 1470 1246 quam
1491 1195 1544 1234 ad
1564 1208 1650 1234 rem
1670 1195 1773 1234 mul-

359 1263 451 1299 tum
479 1259 670 1305 valuisse,
697 1259 810 1311 quod
837 1259 957 1298 Plato
983 1260 1020 1298 ei
1045 1259 1207 1298 faverat
1233 1260 1492 1310 eundemque
1522 1259 1773 1310 Speusippus

359 1324 739 1368 commendaverat,
769 1323 919 1362 mirum
947 1336 1030 1362 non
1058 1327 1133 1362 est.

489 1399 548 1438 Ut
582 1398 666 1437 iam
700 1398 799 1443 dixi,
835 1398 1013 1448 epistula
1045 1398 1163 1437 nobis
1197 1411 1280 1437 non
1318 1402 1486 1437 servata
1520 1398 1774 1437 Xenocrates

356 1462 576 1501 arcessitus
598 1474 685 1501 esse
708 1462 928 1511 videtur²);
961 1463 1072 1501 idem
1095 1463 1257 1502 ostendi
1281 1466 1419 1513 potest
1449 1463 1500 1501 de
1523 1463 1701 1513 epistula
1724 1465 1773 1501 29

360 1526 584 1571 Socratica,
606 1527 723 1564 cuius
744 1526 873 1564 verba
894 1526 1097 1575 Diogenes
1119 1527 1308 1565 Laertius
1329 1527 1470 1565 tradit.
1514 1527 1656 1577 Aeque
1678 1530 1774 1565 ante

358 1590 643 1629 demonstravi
667 1589 888 1639 epistulam
912 1590 1112 1640 Aristippi
1136 1591 1189 1628 ad
1213 1589 1365 1628 Areten
1388 1590 1518 1628 filiam
1542 1590 1710 1629 missam
1732 1602 1775 1628 re

359 1666 458 1692 vera
496 1653 716 1697 exstitisse,
756 1665 840 1704 qua
877 1658 923 1691 ut
963 1653 1068 1691 hanc
1107 1654 1381 1692 conscriberet
1420 1654 1775 1703 epistolographus

359 1720 592 1756 commotus
620 1717 686 1755 sit.

492 1793 541 1831 In
561 1792 740 1843 epistula
759 1792 894 1842 prima
916 1792 1105 1831 Socrates
1125 1793 1346 1843 respondet
1366 1793 1567 1831 Archelao
1586 1792 1683 1843 regi,
1705 1793 1775 1843 qui

357 1870 452 1897 eum
472 1858 524 1896 ad
541 1869 585 1896 se
602 1857 856 1896 invitaverat
874 1857 1065 1908 epistula,
1093 1870 1178 1908 qua
1195 1857 1412 1897 dimidium
1437 1858 1552 1908 regni
1569 1858 1775 1908 pollicitus

357 1934 445 1961 esse
464 1921 628 1961 dicitur.
669 1922 823 1972 Regem
842 1922 929 1960 eius
948 1921 1060 1960 modi
1078 1922 1222 1972 inepta
1240 1925 1282 1960 et
1301 1922 1432 1960 stulta
1450 1922 1578 1960 verba
1596 1934 1775 1973 pronun-

357 1987 484 2025 tiasse
500 1987 572 2024 vix
588 1990 800 2036 putamus,
816 1986 889 2024 sed
904 1990 1069 2024 constat
1085 1986 1314 2036 permultas
1329 1986 1527 2036 epistulas
1543 1987 1775 2036 principum

360 2050 413 2088 ad
430 2049 609 2088 illustres
627 2049 736 2087 viros
754 2049 900 2087 missas
916 2049 1000 2088 iam
1018 2050 1314 2100 antiquissimis
1332 2049 1587 2099 temporibus
1603 2050 1772 2098 fuisse³).

360 2114 530 2152 Praeter
563 2114 639 2152 hoc
674 2117 815 2151 autem
849 2113 1089 2151 Aristoteles
1122 2114 1228 2151 hanc
1262 2113 1452 2151 Archelai
1484 2113 1775 2152 invitationem

360 2181 554 2222 testatur,
576 2180 623 2216 ut
644 2177 728 2216 iam
750 2177 830 2215 alio
850 2177 938 2215 loco
958 2177 1384 2216 commemoravimus.
1429 2177 1499 2215 Sin
1521 2181 1660 2216 autem
1681 2189 1774 2217 con-

490 2295 524 2338 1)
548 2293 639 2328 edid.
657 2293 873 2338 Segefredus
889 2294 1032 2335 Mekler‚
1052 2294 1148 2333 1901;
1177 2294 1221 2328 cf.
1238 2294 1344 2328 etiam
1360 2293 1424 2327 Ed.
1442 2293 1621 2327 Schwartz
1636 2294 1774 2329 PWRE

358 2360 385 2382 s.
413 2350 595 2391 Diogenes
618 2349 781 2381 Laertius
804 2348 851 2390 (V
875 2348 904 2384 1.
928 2359 960 2390 p.
978 2349 1067 2388 451).

488 2403 522 2444 2)
545 2402 671 2436 Verbis
689 2412 742 2445 ep.
759 2402 801 2434 32
826 2403 905 2435 θεοῦ
922 2403 1010 2439 τάξιν
1030 2403 1114 2444 εἶχεν
1137 2402 1307 2435 subiciam
1324 2402 1510 2444 Speusippi
1533 2402 1568 2433 in
1589 2401 1774 2434 Platonem

358 2457 574 2499 epigramma
585 2456 671 2498 (vid.
681 2456 815 2489 Paulus
822 2455 933 2498 lang,
942 2456 997 2488 De
1005 2456 1187 2499 Speusippi
1197 2455 1363 2489 Academ.
1378 2456 1527 2498 scriptis,
1540 2455 1581 2488 fr.
1591 2456 1644 2492 65,
1654 2466 1685 2497 p.
1699 2455 1772 2497 86):

615 2510 718 2550 Σῶμα
738 2512 798 2550 μὲν
822 2512 856 2542 ἐν
877 2510 1000 2543 κόλποις
1022 2512 1147 2551 κατέχει
1169 2511 1245 2543 τόδε
1266 2512 1343 2552 γαΐα
1368 2509 1545 2547 Πλάτωνος,

706 2565 798 2607 ψυχὴ
823 2563 850 2596 δ’
877 2565 1016 2596 ἰσοθέων
1038 2564 1127 2601 τάξιν
1150 2564 1215 2605 ἔχει
1236 2565 1398 2606 μακάρων.

491 2617 526 2658 3)
553 2616 595 2650 cf.
613 2616 895 2657 Christ-Schmid‚
921 2617 1057 2651 Griech.
1076 2617 1389 2660 Liberaturgesohst
1412 2616 1475 2654 111,
1495 2627 1526 2659 p.
1545 2616 1618 2656 365,
1643 2615 1723 2650 adn.
1741 2617 1772 2649 7.
