2138 3299
922 329 1212 370 —105—

361 458 488 499 verba
522 460 586 499 τὸν
615 459 802 511 σοφιστὴν
838 459 957 510 σοφὸν
996 459 1131 498 καλεῖν
1169 460 1259 510 (pro
1297 459 1427 510 σοφόν,
1466 458 1579 511 quod
1615 457 1771 498 habent

361 522 644 573 manuscripta
671 522 895 574 complura,
926 529 1039 562 σοῦον
1059 522 1214 573 posuit)
1233 522 1286 561 ad
1305 523 1460 571 Cratvli
1488 523 1626 562 locum
1643 534 1770 573 quen—

361 586 457 625 dam
474 588 527 636 (p.
549 588 625 623 412
641 585 706 634 Β),
735 598 818 637 quo
834 585 1000 625 dieitur:
1025 586 1243 638 Λακωνικῷ
1268 587 1311 626 δὲ
1326 587 1437 638 ἀνδρὶ
1458 592 1532 626 τῶν
1556 586 1770 639 εὐδοκίμων

359 652 428 689 καὶ
460 652 580 702 ὄνομα
615 651 663 701 ἦν
692 650 902 702 Σοῦς·τὴν
934 653 1010 702 γὰρ
1043 657 1203 703 ταχεῖαν
1239 652 1362 703 ὁρμὴν
1400 652 1434 690 οἱ
1471 651 1771 703 Λακεδαιμόνιοι

360 720 467 755 τοῦτο
495 714 671 756 καλοῦσι.
699 715 841 768 ταύτης
868 716 934 756 οὖν
962 720 1030 768 τῆς
1057 722 1178 768 φορᾶς
1209 716 1362 769 ἐπαφὴν
1393 716 1572 770 σημαίνει
1598 717 1624 769 ἡ
1655 716 1770 769 σοφία

393 810 402 818 .
419 810 429 819 .
471 779 628 820 iudicat
668 792 737 826 „es
772 780 871 819 solle
905 779 993 818 hier
1032 780 1307 821 rekriminiert
1342 782 1505 822 werden
1539 794 1669 833 gegen
1704 781 1770 819 die

363 842 487 881 Stelle
515 843 586 884 des
616 846 677 883 35.
708 842 877 890 Briefes‚
911 856 974 884 wo
1002 844 1074 886 der
1102 844 1299 886 Adressat
1326 857 1466 897 wegen
1492 844 1623 884 seiner
1649 858 1769 885 κακο-

361 907 476 958 ζηλία
515 907 559 946 in
597 907 776 959 Bildung
816 920 941 948 neuer
969 909 1131 948 W6rter
1170 909 1376 948 verhohnt-
1415 909 1558 949 wird.“
1627 909 1769 949 Lectio

362 971 547 1024 σοφιστήν
576 971 822 1012 conferenda
850 972 949 1011 mihi
978 972 1143 1012 videtur
1172 985 1267 1012 cum
1292 973 1475 1012 Platonis
1503 972 1667 1025 dialogi,
1697 973 1769 1025 qui

363 1034 600 1074 inscribit-ur
642 1036 916 1089 Πρωταγόρας,
961 1037 1049 1074 loco
1094 1049 1131 1087 p.
1154 1040 1228 1075 312
1245 1037 1287 1082 C,
1333 1050 1416 1087 quo
1459 1037 1605 1077 definit
1649 1038 1770 1076 Plato

361 1100 545 1151 σοφιστὴν
588 1130 596 1139 .
629 1130 637 1139 .
666 1130 674 1139 ,
718 1102 815 1140 εἶναι
849 1102 912 1140 τὸν
951 1106 1025 1140 τῶν
1068 1106 1196 1152 σοφῶν
1240 1101 1481 1153 ἐπιστήμονα
1531 1100 1599 1149 (cf.
1641 1100 1771 1140 etiam

359 1162 466 1202 Astii
481 1162 617 1204 Lexic.
634 1163 834 1202 Platonie.
852 1164 926 1210 11²,
944 1176 983 1215 p.
1003 1164 1143 1214 262)1).
1179 1163 1315 1203 Facile
1330 1176 1496 1216 quoque
1511 1163 1601 1203 fieri
1617 1164 1768 1216 potuit,

360 1231 408 1266 ut
431 1228 532 1267 haec
556 1228 683 1268 verba
707 1229 760 1269 ad
784 1228 1020 1268 universam
1042 1228 1155 1268 illam
1178 1228 1341 1270 dicendi
1364 1228 1570 1269 rationem
1593 1228 1769 1281 pertine-

360 1296 466 1338 rent,
483 1305 590 1344 quae.
605 1292 648 1331 in
662 1292 846 1332 Platonis
855 1293 1058 1345 Craty102)
1073 1293 1304 1344 explicatur
1313 1305 1322 1339 ;
1340 1306 1395 1332 an
1412 1293 1640 1345 Speusippo
1655 1294 1768 1334 adiu·

360 1355 498 1396 dicare
514 1355 716 1407 possimus
731 1356 832 1395 haec
847 1356 988 1403 verba,
1005 1357 1178 1396 sortasse
1194 1356 1273 1395 arti
1289 1356 1527 1396 dialecticae
1540 1357 1640 1403 eius,
1656 1358 1768 1398 haud

357 1419 522 1465 scimus,
540 1420 592 1461 ef.
610 1424 752 1459 autem
769 1420 886 1471 Diog.
906 1421 950 1460 L.
971 1421 1040 1460 IV.
1064 1424 1095 1459 l.
1116 1422 1243 1472 Lang,
1261 1421 1334 1472 frg.
1357 1421 1417 1461 Ib.
1457 1421 1536 1462 Sed
1557 1426 1605 1460 ut
1622 1426 1766 1461 auctor

360 1483 561 1535 epistulae
586 1487 635 1523 ut
659 1484 760 1523 haee
788 1484 987 1535 proferret
1013 1488 1244 1524 commotus
1270 1497 1356 1523 esse
1383 1489 1522 1536 potest-
1550 1484 1767 1537 Speusippi

358 1548 507 1594 verbis,
527 1561 634 1599 quae
651 1548 845 1600 cognovit
862 1562 885 1587 e
902 1548 1018 1595 libro,
1038 1562 1120 1600 quo
1139 1549 1339 1600 agebatur
1357 1550 1408 1589 de
1426 1549 1685 1600 philosophia
1702 1550 1768 1589 vel

358 1614 410 1653 de
426 1612 566 1664 lingua
582 1616 625 1651 et
642 1616 731 1652 arte
749 1611 910 1652 dicendi
930 1613 996 1662 (cf.
1017 1613 1145 1664 Lang,
1166 1625 1204 1664 p.
1223 1615 1290 1652 22:
1304 1612 1429 1665 Ὅροι,
1448 1613 1603 1664 scripta
1620 1614 1767 1652 dialec-

359 1676 459 1715 tica:
481 1676 532 1714 de
549 1676 750 1714 divisione
766 1676 993 1722 nominum,
1017 1689 1055 1727 p.
1076 1680 1228 1728 65sq.),
1247 1677 1309 1715 ita
1326 1678 1452 1716 verba
1469 1679 1573 1724 ὅπως
1591 1679 1644 1730 μὴ
1663 1679 1769 1730 ἐμπί-

360 1754 461 1793 πρης
479 1742 547 1788 τὰς
559 1740 690 1793 ’θ-ύρας
710 1745 785 1781 τῶν
804 1741 995 1794 γειτόνων,
1016 1753 1123 1793 quae
1142 1741 1195 1781 ad
1214 1741 1323 1781 hunc
1344 1741 1454 1782 diem
1473 1741 1770 1781 commentario

358 1809 492 1856 egent,
530 1805 582 1844 ad
612 1805 793 1843 ethicam
820 1805 1147 1856 disputationem
1175 1806 1387 1855 quandam
1415 1810 1603 1856 spectare
1633 1806 1767 1844 verisi-

357 1868 453 1907 mile
480 1871 555 1913 est,
593 1871 642 1906 ut
669 1867 761 1918 ipsa
786 1868 914 1908 verba
950 1869 1049 1921 μηδὲ
1086 1871 1172 1915 τοὺς
1206 1870 1353 1909 θεοῖσιν
1382 1871 1562 1922 ἐχθρούς,
1598 1876 1769 1922 νεκροῖσι

359 1934 402 1972 δὲ
430 1934 560 1984 φίλους
587 1940 699 1985 τιμᾶν
727 1937 769 1972 et
799 1935 999 1973 ἐπισκοπῶ
1029 1935 1070 1972 τὸ
1100 1935 1207 1973 θεῖον
1237 1934 1289 1980 ὡς
1318 1934 1467 1974 δίκαιον
1495 1936 1621 1974 κακὸν
1650 1936 1767 1986 ἐπρά-

362 1996 453 2045 ξατο
485 1997 674 2046 (fortasse
696 1996 823 2037 etiam
845 1997 898 2038 ad
920 1997 1084 2044 librum,
1108 1997 1180 2048 qui
1202 2001 1266 2037 est
1290 1999 1372 2043 „de
1392 1999 1562 2037 divin&
1578 1999 1660 2048 ?)³).

493 2062 654 2107 Restat,
690 2066 738 2099 ut
766 2061 1011 2102 disseramus
1040 2062 1092 2100 de
1125 2061 1260 2100 verbis
1297 2063 1397 2113 μηδὲ
1430 2064 1487 2101 ὅτι
1522 2063 1663 2113 δένδρα
1699 2065 1767 2114 μὲν

358 2127 511 2165 ἅπαντά
541 2128 655 2175 ἐστιν,
694 2128 821 2178 ἕτερον
851 2127 893 2165 δὲ
922 2132 1024 2177 συκῆ
1061 2127 1129 2164 καὶ
1158 2126 1321 2179 μυρρίνη
1350 2128 1418 2165 καί
1446 2127 1587 2179 δάφνη,
1624 2128 1683 2179 ἐφ’
1712 2130 1767 2175 οἷς

359 2191 458 2243 μέγα
496 2197 700 2242 φρονοῦσιν
738 2191 771 2230 οἱ
807 2191 1036 2242 τρισάθλιοι,
1083 2202 1166 2241 qua
1203 2202 1247 2228 re
1284 2190 1496 2231 evidenter
1535 2191 1768 2231 ostenditur

358 2254 605 2295 Academiae
628 2254 815 2295 studium
837 2254 953 2296 illudi
976 2258 1103 2306 atque
1125 2253 1292 2294 irrideri.
1342 2254 1501 2295 Eadem
1524 2254 1635 2295 enim
1658 2259 1765 2294 trac·

485 2382 520 2425 1)
542 2384 657 2417 Voces
680 2386 835 2428 σοφιστής
861 2386 899 2418 et
927 2385 1039 2427 σοφός,
1070 2393 1139 2426 qua
1163 2384 1298 2417 ratione
1328 2383 1421 2416 inter
1450 2393 1488 2417 se
1511 2381 1689 2422 differant,
1720 2383 1766 2418 cf.

357 2437 502 2471 Lucian.
529 2437 633 2480 Hipp.
659 2447 689 2471 c.
708 2439 740 2470 2.
765 2438 871 2481 Diog.
895 2437 935 2471 L.
959 2448 1114 2480 prooem.
1139 2448 1169 2470 c.
1190 2437 1241 2470 12.

485 2491 520 2532 2)
543 2491 586 2523 In
609 2492 677 2525 hoc
699 2491 841 2534 dialogo
864 2492 1094 2524 inveniuntur
1115 2501 1243 2524 vocum
1266 2490 1430 2533 origines,
1458 2493 1501 2524 ut
1525 2493 1603 2525 θεὸς
1625 2493 1688 2525 ἀπὸ
1711 2492 1769 2525 τοῦ

357 2547 437 2584 θεῖν,
459 2545 547 2587 ἥλιος
566 2544 640 2577 dor.
663 2545 752 2579 ἅλιος
771 2547 834 2578 ἀπὸ
857 2545 915 2579 τοῦ
940 2546 1070 2583 &disten
1096 2544 1142 2578 of.
1168 2544 1212 2577 H.
1232 2544 1394 2585 Steintal,
1417 2545 1544 2579 Gesoh.
1566 2545 1600 2578 d.
1623 2545 1770 2589 Spraeh-

356 2597 560 2631 wissensch.
582 2598 625 2641 1²,
650 2609 684 2641 p.
701 2597 754 2631 41.
776 2598 819 2631 79
827 2609 878 2641 sq.
904 2598 998 2631 Berl.
1014 2597 1109 2631 1890.

485 2651 520 2694 3)
543 2650 589 2685 cf.
615 2652 723 2685 etiam
745 2651 870 2692 Rubor,
893 2662 974 2696 pag.
992 2651 1066 2685 385.
