2138 3299
974 327 1239 366 ...28-

394 454 491 493 urbe
512 456 806 494 commoratum
838 466 947 502 esse;
977 455 1029 495 ad
1051 456 1128 495 hoc
1148 455 1292 495 Obens
1320 459 1376 506 (p.
1399 456 1461 505 17)
1491 458 1653 496 adiecit:
1690 458 1809 503 „Sine

392 517 520 558 dubio
541 522 680 558 auctor
699 518 810 558 illum
834 518 888 558 ibi
909 529 999 558 esse
1022 511 1149 571 fingit,
1180 519 1292 570 quod
1321 530 1369 559 ex
1387 518 1674 571 Xenophontis
1693 520 1808 569 libro,

393 583 462 633 qui
500 583 689 623 anabasis
727 583 963 631 inscribitur,
1001 583 1153 623 sciebat
1189 583 1430 632 Proxenum,
1477 584 1584 623 illius
1619 585 1807 632 amicum,

394 647 463 698 qui
501 651 543 687 ut
571 658 709 687 secum
749 647 801 687 ad
829 648 980 687 bellum
1018 648 1336 698 proficisceretur
1364 649 1400 688 ei
1438 650 1630 694 suaserat,
1659 647 1809 688 Thebis

395 716 534 751 natum
566 722 668 751 esse.
716 710 766 752 At
794 711 1002 752 Proxenus
1032 712 1118 763 ipse
1148 712 1226 751 illis
1254 712 1505 763 temporibus
1534 712 1613 752 iam
1645 712 1684 751 in
1713 710 1808 752 Asia

395 777 512 815 erat.“
546 775 640 815 Non
663 776 868 826 intellego,
899 787 967 816 cur
987 777 1087 817 haec
1105 777 1224 816 verba
1254 776 1503 816 adnotaverit
1522 775 1677 823 Obens,
1708 787 1808 826 quo-

396 839 504 879 niam
536 840 893 892 epistolographus
924 841 1010 891 ipse
1040 840 1154 880 dicit:
1195 839 1385 890 Πρόξενον
1415 840 1458 879 δὲ
1493 839 1729 892 καταλαβεῖν
1757 840 1809 886 εἰς

394 904 463 954 τὴν
493 903 648 943 Ἀσίαν.
705 904 937 955 Xenophon
976 909 1107 944 utrum
1138 904 1288 944 Thebis
1323 909 1502 945 versatus
1542 905 1591 943 sit
1629 916 1679 943 an
1711 915 1808 952 non,

393 979 476 1006 non
508 970 677 1007 constat.
707 967 888 1019 Epistula
915 968 961 1007 19
988 968 1220 1020 Xenophon
1252 968 1386 1008 scribit
1415 968 1677 1009 familiaribus
1705 969 1806 1008 suis:

393 1032 546 1082 ἔγραψα
585 1033 628 1071 δὲ
663 1034 731 1071 καὶ
759 1032 919 1083 Γρύλλῳ
954 1034 1007 1083 τῷ
1045 1033 1128 1079 υἱεῖ,
1170 1034 1317 1083 καὶτῷ
1355 1033 1507 1084 ἑταίρῳ,
1545 1034 1581 1071 εἴ
1614 1046 1678 1071 του
1717 1033 1808 1079 δέοι,

392 1095 578 1147 παρέχειν
616 1109 687 1134 σοι.
728 1095 888 1148 Γρύλλῳ
918 1097 961 1135 δὲ
991 1097 1157 1147 ἔγραψα,
1196 1097 1330 1147 ἐπειδὴ
1362 1098 1438 1135 ἀπὸ
1468 1097 1554 1136 νέου
1585 1098 1639 1135 ἔτι
1666 1097 1808 1148 κομιδῇ

393 1161 432 1204 ἐς
469 1161 583 1198 αὐτὸν
621 1160 774 1211 ἐβάλου,
815 1162 883 1198 καὶ
918 1161 1040 1210 φιλεῖν
1079 1161 1218 1211 ἔλεγες.
1262 1160 1444 1200 Forsitan
1474 1160 1696 1200 Aeschines
1734 1161 1807 1200 So-

394 1223 575 1271 craticuS,
604 1234 697 1263 curn
727 1224 843 1264 fuerit
862 1225 1153 1275 pauperrimuS,
1185 1224 1483 1275 intellegendus
1512 1225 1572 1263 sit.
1603 1223 1684 1263 Sed
1714 1235 1806 1264 cum

395 1287 459 1326 hic
486 1287 771 1338 Xenophontis
800 1288 908 1327 filius
938 1293 1055 1328 natus
1086 1289 1134 1328 sit
1164 1289 1328 1328 demum
1358 1300 1392 1327 a.
1410 1288 1488 1328 399
1528 1287 1719 1337 (Anabas.
1745 1288 1808 1327 V11

393 1352 502 1400 6,34)
540 1356 578 1391 et
609 1351 818 1402 Diogenes
848 1351 1024 1392 Laertius
1062 1352 1201 1392 referat
1237 1363 1329 1391 eum
1360 1363 1452 1392 cum
1480 1352 1595 1392 fratre
1625 1351 1807 1392 Diodoro

392 1415 608 1455 educatum
639 1426 729 1455 esse
750 1415 917 1467 Spartae
947 1416 1171 1468 paucisque
1201 1427 1292 1455 cum
1323 1416 1447 1456 servis
1468 1416 1663 1467 Lepreum
1696 1416 1807 1455 inde-

392 1492 472 1531 que
494 1480 732 1521 Corinthum
763 1481 1028 1529 concessisse,
1059 1492 1142 1532 quo
1164 1485 1346 1532 ternpore
1367 1480 1453 1520 Elei
1469 1480 1663 1521 Scillunte
1693 1481 1808 1531 potiti

392 1548 486 1583 sunt
516 1547 568 1594 (a.
585 1544 694 1591 371),
724 1548 847 1584 totam
881 1556 962 1583 rem
993 1545 1157 1584 finxisse
1188 1545 1566 1595 epistolographum
1597 1544 1808 1595 probabile

393 1612 473 1648 est:
505 1619 598 1648 nam
630 1620 664 1648 a.
683 1608 773 1654 362,
813 1620 895 1659 quo
926 1613 1109 1648 mortuus
1146 1613 1205 1648 est
1235 1608 1408 1659 Gryllus,
1449 1608 1614 1647 demum
1646 1620 1668 1647 a
1699 1612 1807 1658 patre

396 1683 474 1710 una
517 1682 608 1710 cum
649 1671 765 1711 fratre
801 1671 981 1711 Athenas
1021 1672 1169 1711 missus
1210 1676 1269 1711 est
1311 1671 1448 1722 (Diog.
1486 1671 1526 1710 L.
1550 1671 1722 1721 1153)1).
1764 1693 1803 1696 —

393 1735 709 1786 Xenophontem
749 1747 916 1786 quoque
945 1736 1124 1786 Megaris
1159 1736 1284 1775 fuisse
1320 1736 1491 1786 epistula
1525 1736 1571 1775 15
1601 1735 1808 1782 indicatur,

392 1799 448 1838 in·
464 1810 586 1850 quarn
609 1799 853 1839 simultatem
875 1810 978 1848 eam,
1010 1810 1113 1850 quae
1135 1799 1251 1839 fuerit
1272 1799 1371 1839 inter
1392 1799 1600 1839 Platonem
1622 1801 1660 1838 et
1674 1798 1807 1839 Xeno-

392 1865 602 1914 phontem,
633 1864 801 1914 scriptor
831 1865 1003 1904 inserere
1035 1869 1204 1903 conatus
1235 1869 1305 1911 est,
1337 1864 1384 1903 cf.
1418 1864 1612 1914 imprimis
1639 1864 1715 1913 §3-

995 1993 1031 2032 9.
1063 1993 1215 2032 Plato.

521 2066 694 2107 Animos
714 2067 793 2107 iam
816 2069 1098 2107 convertamus
1118 2066 1170 2106 ad
1200 2078 1259 2114 ea,
1290 2078 1394 2118 quae
1425 2067 1474 2106 de
1499 2067 1664 2107 Platone
1696 2066 1807 2105 audi-

392 2143 485 2171 mus
514 2132 711 2182 cuiusque
741 2132 907 2171 nomine
938 2132 1205 2182 praescriptae
1234 2136 1329 2171 sunt
1357 2132 1553 2182 epistulae
1582 2131 1646 2170 24.
1663 2130 1725 2170 25.
1743 2131 1806 2169 26.

392 2195 551 2235 Praeter
588 2195 640 2242 id,
686 2196 800 2246 quod
835 2195 886 2235 ad
916 2195 1096 2235 Platonis
1132 2207 1223 2235 cum
1259 2195 1522 2234 familiaribus
1558 2194 1734 2234 Socratis
1770 2199 1809 2234 et

392 2259 694 2311 Pythagoreicis
715 2259 1054 2299 consuetudinem
1075 2264 1240 2310 spectat,
1272 2260 1411 2299 itinera
1431 2259 1519 2299 eius
1548 2259 1588 2298 in
1620 2259 1807 2308 regiones

393 2324 624 2374 peregrinas
652 2324 756 2364 facta
786 2326 1082 2375 pertractantur.
1120 2324 1300 2375 Epistula
1317 2323 1369 2363 23
1390 2334 1482 2363 eum
1505 2324 1545 2363 in
1566 2323 1656 2364 aula
1673 2322 1807 2363 Sicula

391 2389 516 2428 fuisse
546 2389 685 2433 docet;
724 2399 858 2439 neque
895 2399 990 2427 vero
1020 2389 1172 2435 dicitur,
1209 2400 1292 2439 quo
1331 2393 1513 2439 tempore
1551 2389 1629 2428 hoc
1657 2388 1806 2427 factum

392 2453 462 2498 sit;
493 2452 734 2492 concludere
751 2454 885 2492 autem
903 2452 1005 2499 licet,
1028 2455 1068 2492 ut
1090 2452 1140 2492 de
1156 2452 1323 2492 Platone
1338 2451 1587 2503 Aristippum
1604 2453 1806 2491 metuente

393 2516 610 2563 disseritur,
649 2517 727 2557 hoc
762 2517 855 2557 loco
895 2517 1067 2567 primum
1098 2517 1277 2557 Platonis
1308 2517 1349 2556 in
1379 2516 1555 2556 Siciliam
1587 2517 1658 2555 iter
1687 2520 1806 2566 atque

620 2596 656 2608 -Ι

527 2647 558 2686 l)
584 2647 640 2678 De
663 2646 784 2689 Gryllo
809 2645 880 2677 vid.
908 2645 1089 2681 Kirohner,
1112 2645 1254 2687 Prosop.
1280 2645 1356 2677 Att.
1382 2655 1410 2677 s.
1436 2654 1469 2676 n.
1498 2644 1576 2676 203.
