2138 3299
956 321 1246 361 —104-

391 450 563 502 quidem
591 450 801 490 sententia
837 462 981 490 omnes
1009 449 1337 490 obtrectationes
1364 449 1409 489 in
1436 449 1621 490 scholam
1649 450 1805 491 Acade-

392 515 545 555 micam
572 514 741 554 omnino
769 513 908 553 factae
936 517 1045 560 sunt,
1079 513 1123 553 in
1142 514 1370 560 Platonem,
1404 514 1475 566 qui
1495 513 1691 560 condidit,
1724 514 1806 555 dis-

392 578 559 629 cipulos,
594 577 665 629 qui
686 577 874 629 magistri
892 577 1130 618 doctrinam
1155 577 1287 617 secuti
1306 582 1415 624 sunt,
1448 578 1493 617 in
1513 577 1802 629 Speusippum,

392 642 464 694 qui
492 641 551 681 illi
580 642 777 681 successit
807 642 851 681 in
870 642 1095 683 Academia
1122 643 1314 693 regenda.
1346 643 1516 682 Praeter
1534 642 1612 681 hoe
1631 655 1717 682 non
1734 642 1806 681 ha-

391 707 549 752 bemus,
582 708 697 758 quod
725 706 955 747 infitiemur
977 705 1256 759 Speusippum
1275 706 1338 745 his
1365 705 1620 747 irrisionibus
1648 705 1806 758 impug-

391 774 540 809 natum
568 784 665 816 esse,
706 771 861 823 quippe
894 772 1033 812 verbis
1071 773 1171 824 μηδὲ
1206 773 1248 811 τὸ
1277 772 1438 824 ἁμάξιον
1467 773 1645 824 θεωρεῖν,
1682 771 1741 823 ἐφ’
1776 773 1807 823 ᾧ

393 838 441 876 σὺ
471 837 666 888 ἐκπορεύη
695 835 906 876 neminem
925 835 1053 875 alium
1071 835 1150 875 nisi
1179 836 1288 875 hunc
1318 835 1575 888 appellatum
1592 847 1680 875 esse
1707 834 1809 874 satis

393 901 604 949 constetl).
637 900 824 940 Afferam
842 900 976 951 primo
995 900 1133 939 locum
1155 899 1353 951 Simplicii
1371 900 1416 939 in
1429 900 1600 939 Aristot.
1633 899 1804 950 Phys.²),

391 963 463 1014 qui
495 963 773 1015 Speusippum
810 963 1024 1001 imitatum
1058 975 1146 1001 esse
1176 963 1393 1012 Platonem
1429 963 1472 1001 in
1506 963 1626 1002 bonis
1660 962 1807 1002 diiudi-

393 1027 535 1067 candis
555 1027 695 1067 docet:
726 1027 849 1079 Λάβοι
878 1029 921 1066 δὲ
950 1030 996 1066 ἄν
1025 1041 1079 1074 τις
1107 1030 1176 1066 καὶ
1203 1030 1312 1078 παρὰ
1326 1027 1576 1067 Σπευσίππου
1605 1029 1673 1066 καὶ
1700 1029 1809 1077 παρὰ

393 1091 657 1142 Ξενοκράτους
676 1093 745 1130 καὶ
763 1097 838 1130 τῶν
860 1092 1003 1139 ἄλλων,
1033 1093 1066 1131 οἱ
1085 1093 1343 1143 παρεγένοντο
1363 1094 1404 1132 ἐν
1423 1098 1471 1143 τῇ
1491 1093 1579 1143 περὶ
1597 1091 1628 1130 τ’
1655 1092 1809 1142 ἀγαθοῦ

392 1155 600 1202 Πλάτωνος
629 1156 828 1206 ἀκροάσει.
859 1156 999 1202 πάντες
1027 1158 1102 1207 γὰρ
1125 1156 1373 1208 συνέγραψαν
1397 1157 1466 1195 καὶ
1486 1155 1720 1195 διεσώσαντο
1739 1156 1809 1206 τὴν

393 1219 508 1268 δόξαν
539 1222 655 1260 αὐτοῦ
684 1222 754 1259 καὶ
781 1220 937 1267 ταύταις
966 1222 1082 1260 αὐτὸν
1112 1223 1253 1273 ἀρχαῖς
1280 1221 1462 1273 χρῆσθαι
1488 1220 1656 1273 λέγουσι.
1703 1220 1810 1259 Tum

392 1284 660 1335 inspiciamus
674 1284 961 1323 collectionem
974 1284 1242 1336 reliquiarum
1258 1284 1521 1336 Speusippi⁸),
1540 1284 1691 1336 quibus
1703 1284 1809 1323 hanc

390 1348 645 1388 sententiam
679 1348 782 1387 satis
817 1348 1109 1389 confirmatam
1143 1348 1390 1388 videbimus.
1447 1348 1670 1399 compono,
1703 1360 1810 1399 quae

392 1416 588 1451 constant
618 1413 670 1453 de
701 1412 920 1464 Speusippi
950 1414 1001 1452 de
1027 1413 1138 1453 bono
1165 1412 1300 1453 dictis.

525 1499 565 1538 p.
594 1489 641 1525 81
673 1487 788 1538 Lang
816 1487 891 1538 frg.
912 1490 962 1526 58
977 1499 1010 1526 c.
1043 1487 1122 1528 Cic.
1155 1487 1206 1527 de
1234 1486 1392 1537 legibus
1409 1487 1439 1533 Ι,
1465 1489 1521 1532 13,
1552 1489 1600 1526 37
1629 1485 1806 1526 Vahlen:

394 1550 562 1590 Ethica:
586 1551 638 1590 de
657 1551 930 1597 beatitudine,
955 1551 1086 1597 bonis,
1109 1551 1314 1600 virtute⁸).

523 1627 562 1666 p.
584 1617 634 1654 69
671 1616 805 1666 Lang:
846 1614 909 1654 De
938 1628 1022 1655 uno
1058 1619 1101 1655 et
1130 1615 1250 1661 bono,
1288 1614 1389 1655 vide
1427 1614 1564 1661 Zeller‚
1603 1627 1643 1666 p.
1664 1617 1749 1660 999,
1773 1617 1807 1654 2.

391 1679 465 1730 frg.
487 1682 574 1718 35a.
606 1679 656 1718 of.
687 1679 762 1730 frg.
796 1683 847 1719 38
874 1680 1001 1730 Lang.

523 1755 562 1794 p.
584 1746 634 1782 68
652 1744 768 1795 Lang
786 1743 834 1783 fr.
857 1745 1027 1785 34a—d.
1050 1742 1112 1783 De
1130 1743 1250 1790 bono,
1271 1742 1369 1785 vide
1387 1742 1525 1789 Zeller‚
1548 1755 1588 1795 p.
1609 1745 1738 1788 999‚l.
1757 1765 1811 1772 -—-

392 1807 502 1846 Hinc
522 1812 698 1858 apparet
715 1807 760 1846 in
781 1807 1000 1858 Speusippi
1017 1807 1234 1846 sententiis
1254 1806 1544 1858 philosophicis
1564 1801 1680 1846 varia
1696 1818 1810 1857 repe-

391 1870 536 1912 rienda
550 1870 688 1918 fuisse,
704 1883 812 1923 quae
827 1871 880 1912 ad
886 1870 1051 1910 versarii
1067 1870 1417 1911 calumniarentur
1433 1874 1560 1923 atque
1573 1870 1617 1910 in
1631 1869 1810 1911 deterius

393 1936 619 1974 traherent.

531 2010 639 2050 Sane
666 2014 808 2051 autem
835 2010 1013 2062 priorem
1045 2010 1297 2051 sententiam
1324 2010 1377 2051 ad
1405 2010 1622 2050 Platonem
1649 2009 1810 2061 potissi-

395 2088 512 2114 mum
532 2079 721 2125 spectare
740 2088 825 2114 non
844 2087 1054 2126 negamus.
1099 2075 1282 2126 Jacobus
1303 2073 1535 2125 Bernays⁵)‚
1557 2073 1628 2125 qui
1648 2073 1812 2113 rettulit

523 2214 558 2254 1)
583 2214 701 2246 Ritter
717 2214 801 2247 dicit
823 2225 856 2257 p.
874 2214 955 2247 384:
988 2213 1111 2253 „Auch
1135 2213 1191 2246 fiir
1212 2214 1286 2251 ihn,
1312 2213 1375 2245 der
1404 2212 1466 2246 das
1491 2212 1583 2246 Erbe
1604 2212 1751 2245 Platons
1776 2213 1812 2244 in

390 2267 453 2301 der
477 2266 673 2300 Akademie
702 2267 908 2307 iibernahtn,
941 2266 1092 2300 standen
1123 2266 1449 2309 Untersuchungen
1480 2266 1569 2299 iiber
1596 2265 1659 2299 das
1687 2266 1813 2309 ἀγαθόν

389 2320 509 2364 gewiss
531 2321 581 2354 im
597 2320 865 2363 Mittelpunkt.“

518 2375 553 2418 2)
576 2375 605 2408 Ι.
622 2375 654 2408 4.
684 2374 811 2408 187812
834 2385 867 2418 p.
888 2374 984 2413 151,6
1007 2375 1119 2408 Diels.

525 2430 561 2470 3)
584 2429 718 2463 Paulus
756 2429 867 2472 lang,
908 2428 952 2461 de
988 2429 1174 2473 Speusippi
1202 2429 1405 2463 Academici
1440 2429 1590 2472 scriptis.
1629 2427 1814 2462 Accedunt

390 2482 601 2525 fragmenta.
626 2483 772 2515 Bonnae
791 2483 887 2516 1911.

519 2537 555 2577 4)
578 2536 642 2568 Ed.
667 2536 793 2575 Zeller‚
816 2536 907 2569 Phil.
933 2536 967 2570 d.
992 2537 1132 2570 Griech.
1159 2537 1242 2577 IIa‘,
1270 2548 1303 2579 p.
1321 2536 1416 2576 1009,
1429 2536 1460 2568 2.
1473 2536 1506 2568 3.

521 2591 556 2631 5)
581 2589 731 2622 Hermes
754 2590 844 2622 vm
868 2590 993 2632 (1874),
1016 2600 1050 2634 p.
1069 2590 1192 2634 223sq.
