2138 3299
246 504 298 545 36
335 504 562 545 Socraticae
599 504 648 544 de
678 503 911 556 Speusippo
948 504 1143 544 curriculo
1173 504 1213 543 in
1243 503 1423 544 scholam
1454 505 1588 553 vecto)
1617 504 1657 544 id

248 569 408 610 difficile
439 581 523 610 non
553 573 646 609 erat.
695 568 824 609 Simul
853 569 965 621 quod
999 569 1051 610 ad
1081 568 1242 619 singula
1271 568 1391 608 verba
1420 569 1657 608 sententias-

247 645 326 686 que
346 634 497 681 attinet,
528 633 799 684 intellegimus
820 634 882 674 his
900 633 1082 685 epistulis
1101 632 1346 675 simillimam
1368 643 1458 673 esse
1478 632 1658 673 Platonis

246 699 458 750 epistulam
500 700 694 749 quartam,
741 702 860 749 atque
901 699 1030 749 primo
1071 697 1314 748 Rudolphus
1354 697 1531 737 Hercher
1571 698 1658 737 illas

246 763 439 814 epistulas
478 773 527 801 ex
568 762 642 802 hac
671 766 877 813 excerptas
916 773 1005 802 esse
1041 761 1273 810 ostendit1).
1329 760 1505 809 Accedit,
1545 762 1657 813 quod

246 827 457 877 scriptores
504 827 643 865 harum
693 826 904 866 litterarum
956 837 1180 877 propagare
1220 826 1436 866 studebant
1475 827 1655 866 scholam

245 889 542 938 Academicam,
584 900 705 941 quam
747 901 829 930 rem
870 890 1110 931 confirmant
1150 890 1374 931 sententiae
1413 890 1655 931 nonnullae:

247 965 309 1006 ep.
331 954 382 994 32
419 954 733 1005 παραγενόμενον
764 955 815 1000 εἰς
843 953 1096 1007 Ἀκαδημίαν
1128 955 1302 1007 συνέχειν
1338 956 1401 994 τὸν
1431 955 1655 1006 περίπατον,

246 1030 309 1071 ep.
331 1019 382 1059 33
411 1025 485 1059 τῶν
515 1020 555 1059 ἐν
583 1024 636 1071 τῷ
665 1020 862 1072 περιπάτῳ
893 1019 1110 1072 ἐπιμελήσῃ
1140 1019 1469 1072 προσηκόντωςῗ).

692 1139 750 1177 11.
781 1138 849 1178 De
880 1139 994 1179 aula
1023 1138 1206 1179 Sicula.

374 1213 629 1264 Propositum
653 1215 733 1252 erat
754 1214 1095 1264 epistolographis
1114 1214 1252 1253 omnia
1273 1218 1519 1265 pertractare,
1552 1225 1656 1264 quae

247 1277 470 1327 agebantur
506 1277 545 1316 in
583 1277 675 1316 aula
705 1276 852 1325 Sicula,
891 1289 973 1317 non
1012 1278 1137 1317 modo
1168 1278 1262 1328 quia
1301 1278 1535 1328 philosophi
1572 1278 1657 1317 illu-

247 1341 426 1381 strissimi
463 1346 502 1381 et
538 1342 780 1382 nobilissimi
817 1345 859 1381 ut
894 1341 1020 1389 Plato,
1056 1340 1295 1392 Aristippus,
1330 1341 1564 1387 Aeschines,
1602 1342 1656 1381 ibi

246 1406 389 1445 versati
419 1410 524 1451 sunt,
559 1406 632 1445 sed
660 1406 888 1456 voluptates
917 1407 955 1445 et
985 1406 1111 1456 dapes
1140 1405 1299 1445 Siculae
1330 1410 1451 1453 erant,
1481 1416 1549 1445 cur
1578 1406 1655 1444 dis-

248 1469 439 1509 sentirent
468 1469 703 1521 philosophi
739 1469 802 1509 vel
840 1469 1017 1510 rhetores
1046 1474 1085 1509 et
1114 1469 1242 1522 cynici
1281 1473 1319 1509 et
1356 1469 1555 1510 hedonici.
1613 1469 1652 1508 In

247 1535 322 1574 hac
351 1545 390 1573 re
420 1544 499 1584 qua
530 1534 701 1585 quisque
731 1534 899 1585 plurima
920 1534 1122 1574 adstruere
1143 1534 1285 1585 potuit,
1315 1534 1429 1574 facile
1453 1536 1533 1573 erat
1563 1545 1658 1584 pro-

246 1598 427 1637 nuntiare
457 1598 547 1637 illos
577 1609 682 1648 quos
709 1599 850 1637 vocavi
872 1599 1142 1649 philosophos
1171 1599 1413 1638 clarissimos
1442 1609 1526 1637 uno
1555 1602 1653 1638 tem·
1682 1612 1694 1643 κ,

246 1673 343 1713 pore
385 1661 569 1714 Dionysii
613 1673 710 1702 usos
750 1672 839 1702 esse
879 1663 1187 1711 consuetudine,
1234 1667 1277 1702 ut
1315 1659 1687 1724 componerenturs

247 1738 337 1766 cum
376 1737 586 1766 sermones
632 1727 805 1766 maxime
851 1727 1002 1778 egregii
1046 1727 1385 1777 philosophorum
1428 1731 1514 1765 tum
1551 1738 1655 1777 quae

247 1790 564 1830 consuetudines
599 1794 719 1841 atque
757 1790 978 1831 simultates
1016 1791 1260 1831 exstitissent
1296 1791 1398 1830 inter
1431 1801 1503 1831 eos
1532 1790 1656 1842 ipsos.

376 1855 507 1894 Facile
528 1855 611 1894 fieri
633 1856 775 1905 potuit,
805 1860 846 1894 ut
866 1856 906 1895 in
927 1856 1110 1906 epistulis
1129 1855 1343 1896 Socraticis
1374 1877 1416 1883 —
1451 1856 1502 1895 ad
1523 1856 1655 1896 aulam

246 1918 532 1971 Dionysiacam
579 1921 761 1970 spectant
807 1930 899 1970 epp.
930 1919 967 1966 8,
997 1919 1034 1966 9,
1069 1919 1129 1968 10,
1164 1919 1223 1967 13,
1253 1920 1317 1968 23,
1347 1919 1398 1959 35
1446 1941 1486 1946 -
1534 1920 1657 1959 multa

246 1984 297 2023 ab
328 1983 668 2034 epistolographis
697 1985 739 2022 ut
768 1984 847 2022 iam
877 1995 899 2023 a
928 1983 1189 2034 scriptoribus
1209 1985 1386 2035 priorum
1415 1986 1656 2035 temporum,

246 2058 352 2099 quos
381 2048 506 2088 secuti
525 2049 631 2092 sunt,
662 2047 921 2099 fingerentur.
951 2048 991 2087 In
1013 2047 1184 2100 epistula
1200 2048 1251 2087 23
1282 2058 1363 2088 non
1396 2047 1522 2088 modo
1544 2047 1657 2087 Plato

246 2115 284 2153 et
312 2112 549 2163 Aristippus,
579 2113 650 2152 sed
681 2113 800 2153 etiam
822 2112 1044 2153 Aeschines
1072 2112 1218 2153 eodem
1249 2117 1431 2163 tempore
1461 2113 1500 2152 in
1523 2111 1656 2152 Sicilia

246 2181 544 2218 commorantes
573 2177 754 2217 citantur.
785 2177 971 2218 Libenter
999 2177 1164 2229 quidem
1196 2177 1380 2217 existimo
1409 2176 1656 2229 Aristippum

246 2243 325 2282 iarn
357 2242 506 2281 diutius
535 2242 575 2281 in
605 2242 696 2281 aula
717 2241 852 2282 Sicula
874 2246 1074 2282 versatum
1105 2253 1208 2290 esse,
1238 2242 1311 2282 sed
1339 2238 1504 2282 a'rbitror
1533 2242 1656 2282 multa

246 2317 350 2357 quae
388 2305 439 2345 ad
473 2304 720 2357 Aristippum
762 2308 956 2358 spectant,
996 2307 1106 2347 nulla
1144 2307 1219 2346 alia
1257 2316 1378 2346 causa
1414 2306 1530 2346 allata
1568 2317 1656 2346 esse

246 2371 322 2410 nisi
351 2370 463 2421 quod
493 2370 600 2410 illam
621 2371 782 2422 τρυφήν,
812 2382 917 2422 quae
938 2371 1097 2422 propria
1127 2376 1209 2411 erat
1235 2372 1351 2411 aulae
1372 2370 1656 2422 Dionysiacae‚

246 2435 297 2475 ad
339 2433 585 2485 Aristippum
635 2435 768 2475 referri
816 2439 999 2486 oportere
1048 2435 1220 2487 quisque
1267 2435 1343 2475 sibi
1392 2439 1655 2486 persuaserat.

245 2498 398 2539 Eadem
420 2503 554 2538 mente
575 2499 772 2550 epistulae
792 2499 915 2550 8sqq.
946 2499 1116 2550 scriptae
1136 2509 1226 2539 esse
1247 2500 1444 2539 videntur.
1475 2499 1655 2540 Omnino

245 2563 368 2603 multa
385 2574 407 2603 a
424 2563 575 2615 cynicis
590 2567 726 2604 contra
743 2562 989 2616 Aristippum
1007 2563 1358 2615 excogitabantur:
1375 2564 1449 2604 has
1465 2563 1655 2616 epistulas

379 2650 410 2690 1)
435 2650 582 2681 Hermes
605 2649 655 2682 IV
679 2651 810 2690 (1870),
834 2660 866 2691 p.
887 2650 1012 2691 427sq.

378 2703 410 2744 2)
435 2702 479 2735 cf.
507 2703 613 2734 etiam
632 2701 768 2735 Freder.
786 2702 870 2740 Leo,
895 2702 962 2735 Die
977 2703 1210 2745 griech.-1·6m.
1230 2704 1349 2747 Biogr.
1380 2704 1477 2740 1901,
1500 2714 1532 2745 p.
1552 2705 1593 2735 57
1603 2712 1650 2743 sq.

1664 1505 1733 1531 N
