2138 3299
964 393 1222 434 -84-

385 523 596 564 Plutarchi
625 524 715 563 loco
744 523 930 563 Platonis
966 524 1017 564 ad
1049 523 1227 563 Dionem
1255 526 1631 564 commemorantur
1659 523 1800 571 verba,

383 601 491 640 quae
517 587 561 627 in
587 587 766 639 epist-ula
793 588 978 628 Platonis
1006 589 1192 641 quarta1)
1220 587 1387 640 reperiri
1415 587 1689 630 demonstrari
1717 587 1801 627 iam

382 651 539 703 potuit:
579 654 632 705 μὴ
671 656 735 693 οὖν
764 653 994 693 λανθανέτω
1024 667 1082 701 σε,
1120 655 1177 693 ὅτι
1212 654 1276 693 διὰ
1304 660 1369 693 τοῦ
1407 653 1589 705 ἀρέσκειν
1624 659 1700 699 τοῖς
1736 654 1801 692 ἀν-

383 717 557 768 θρώποις
585 719 654 756 καὶ
681 719 723 757 τὸ
751 718 931 769 πράττειν
962 718 1077 765 ἐστίν,
1107 718 1132 769 ἡ
1162 718 1196 757 δ’
1224 719 1419 757 αὐθάδεια
1447 718 1589 770 ἐρημίᾳ
1618 717 1799 765 ξύνοικος.

385 782 537 833 Itaque
561 781 596 820 si
622 782 729 821 hanc
755 782 978 834 epistulam
1004 782 1168 822 Platoni
1193 782 1271 834 ipsi
1297 782 1613 828 vindicaremus,
1641 781 1801 833 optimo

383 858 551 898 quoque
571 846 659 885 iure
679 845 902 897 epistulam
925 846 1179 886 Socraticam
1199 845 1523 898 ingeniosissimo
1543 845 1601 885 illi
1623 846 1799 897 philoso-

384 911 467 960 pho
483 910 719 949 adiudicare
738 923 963 961 possemus,
985 923 1080 949 cum
1094 910 1137 949 in
1153 915 1329 963 utraque
1343 912 1521 962 epistula
1534 912 1801 952 inveniantur

382 973 612 1024 complures
656 973 733 1012 loci
778 973 929 1012 similes
976 977 1104 1025 atque
1149 973 1301 1019 omnia,
1349 986 1458 1025 quae
1501 974 1579 1012 hac
1623 973 1801 1025 epistula

381 1041 630 1083 tractantur,
674 1037 820 1078 eodem
854 1038 978 1077 modo
1013 1041 1202 1088 spectent
1239 1038 1293 1078 ad
1330 1037 1547 1077 Platonem
1583 1041 1710 1088 atque
1746 1037 1800 1077 ad

383 1099 679 1152 Speusippum;
725 1101 796 1140 sed
840 1103 953 1153 quod
993 1100 1172 1152 epistula
1213 1100 1284 1140 illa
1321 1101 1537 1140 Platonica
1579 1113 1664 1141 non
1704 1113 1799 1140 con-

379 1164 536 1216 scripta
572 1177 660 1204 esse
689 1165 854 1205 videtur
883 1178 907 1203 a
936 1165 1193 1216 philosopho,
1232 1169 1280 1204 ut
1317 1164 1424 1204 inira
1453 1165 1798 1216 patefaciemuff),

380 1228 604 1280 epistulam
635 1228 745 1268 Socr.
779 1232 829 1268 35
862 1229 971 1268 bono
1008 1228 1096 1268 iure
1127 1229 1357 1281 Speusippo
1394 1229 1645 1276 addicemus,
1684 1241 1798 1281 prae-

379 1293 524 1333 sertim
552 1305 648 1333 cum
675 1298 842 1333 exstent
870 1293 987 1334 varia
1015 1297 1206 1334 veterum
1225 1293 1477 1340 testimonia,
1507 1293 1658 1346 quibus
1683 1293 1799 1333 illum

381 1357 525 1395 Dionis
553 1358 838 1396 familiaritate
873 1370 994 1396 usum
1022 1370 1109 1396 esse
1145 1358 1410 1407 illustratur³)
1443 1370 1622 1408 eumque
1650 1358 1797 1397 adhor-

379 1425 519 1461 tatum
547 1434 647 1468 esse,
679 1426 728 1461 ut
757 1421 1005 1473 Dionysium
1034 1422 1309 1468 ulcisceretur,
1342 1425 1390 1461 ut
1418 1421 1546 1462 etiam
1574 1421 1686 1473 quod
1715 1420 1797 1461 iam

379 1485 582 1537 epistulae
598 1489 647 1525 36
663 1489 808 1525 auctor
823 1486 949 1526 verba
980 1486 1177 1539 ὁμολογῶν
1199 1487 1315 1532 αἴτιος
1344 1486 1441 1526 εἶναι
1468 1492 1534 1525 τοῦ
1555 1487 1594 1532 ἐς
1615 1485 1798 1526 Σικελίαν

382 1550 519 1589 στόλου
549 1549 603 1589 ad
632 1549 910 1601 Speusippum
935 1550 1111 1589 rettulit.
1153 1550 1337 1595 Accedit,
1365 1550 1479 1601 quod
1504 1554 1799 1601 argumentum

380 1614 503 1653 huius
528 1614 731 1666 epistulae
756 1614 914 1665 optime
938 1618 1102 1665 spectat
1128 1614 1182 1655 ad
1207 1613 1387 1655 indolem
1415 1614 1646 1666 Speusippi,
1674 1613 1745 1666 qui
1772 1626 1797 1653 a

382 1678 645 1729 Plutarcho⁴)
685 1680 836 1730 ἀγαθὸς
873 1679 1030 1730 σκῶψαι
1073 1678 1316 1730 appellatur.
1387 1678 1664 1729 Speusippum
1711 1690 1798 1716 esse

383 1747 595 1783 auctorem
626 1743 850 1782 assentitus
881 1747 945 1782 est
977 1742 1275 1783 Constantinus
1308 1742 1458 1789 Ritter,
1491 1742 1562 1794 qui
1593 1746 1642 1782 ut
1672 1754 1798 1794 supra

380 1807 572 1854 diximus,
598 1808 720 1849 valde
742 1807 911 1849 dubitat
931 1807 1083 1854 omnia,
1108 1819 1216 1860 quae
1238 1807 1316 1846 hac
1335 1806 1514 1859 epistula
1532 1807 1796 1859 comprehen-

380 1873 551 1918 duntur,
571 1873 624 1912 ad
643 1872 821 1912 Dionem
837 1872 999 1918 referre,
1019 1872 1131 1923 quod
1149 1872 1284 1911 multa
1301 1872 1355 1912 ad
1373 1871 1561 1923 Dionysii
1579 1883 1798 1922 personam

378 1936 523 1975 melius
575 1936 848 1975 accomodata
899 1936 984 1975 sint
1033 1948 1162 1988 quam
1213 1937 1267 1977 ad
1320 1935 1509 1982 Dionem,
1570 1935 1796 1975 arbitratus

378 2000 600 2051 epistulam
626 2004 763 2039 totam
789 2000 843 2040 ab
870 2000 1106 2040 adversario
1132 2001 1316 2052 quodam
1342 2000 1490 2040 acerbo
1516 2000 1797 2051 excogitatam

379 2076 551 2116 magnas
567 2063 722 2104 ironiae
739 2067 878 2116 partes
896 2064 1102 2115 amplecti,
1122 2064 1203 2105 vid.
1223 2065 1248 2104 1.
1268 2077 1301 2103 c.
1321 2077 1360 2116 p.
1381 2067 1523 2116 392sq.
1555 2065 1612 2104 At
1628 2063 1797 2103 minime

379 2128 468 2166 fieri
489 2129 641 2179 potuit,
666 2133 715 2167 ut
735 2129 958 2179 epistulam
978 2129 1031 2169 ad
1051 2128 1298 2179 Dionysium
1317 2129 1509 2169 emissam
1532 2141 1621 2168 esse
1644 2128 1795 2179 cogite·

378 2204 482 2232 mus.
539 2192 749 2233 Extremis
776 2191 887 2231 enim
913 2192 1115 2245 epistulae
1142 2193 1278 2234 verbis
1308 2192 1555 2245 Dionysium
1581 2205 1667 2232 non
1692 2204 1793 2238 esse,

377 2257 448 2308 qui
466 2261 655 2303 vocatur,
674 2257 797 2308 plane
813 2256 1057 2303 ostenditur,
1076 2270 1172 2296 cum
1191 2257 1444 2309 Speusippus
1460 2269 1504 2296 se
1519 2256 1794 2309 expeditionis

378 2321 638 2373 incipiendae
671 2325 884 2361 auctorem
917 2320 1042 2360 fuisse
1074 2321 1325 2361 confiteatur
1358 2325 1485 2374 atque
1518 2321 1718 2361 auxilium
1751 2324 1795 2359 et

377 2386 606 2426 amicitiam
639 2390 885 2438 perpetuam
918 2385 1159 2437 polliceatur
1192 2386 1384 2426 familiari
1417 2400 1505 2433 suo,
1540 2386 1611 2439 qui
1645 2386 1717 2427 diu
1750 2385 1795 2424 in

510 2505 542 2545 1)
566 2514 645 2547 pag.
670 2503 732 2536 321
746 2503 787 2537 B.

505 2558 541 2598 2)
564 2568 644 2600 pag.
668 2557 722 2590 94.

505 2610 541 2652 3)
564 2609 659 2643 Plut.
686 2611 749 2643 vit.
769 2611 872 2644 Dion.
898 2622 926 2644 c.
944 2612 992 2649 17,
1006 2612 1057 2652 22,
1069 2612 1130 2649 35:
1153 2611 1223 2645 vid.
1247 2610 1315 2644 Ad.
1334 2610 1452 2648 Holm‚
1477 2610 1604 2644 Gesch.
1622 2609 1792 2648 Siziliens,

376 2664 470 2704 1874,
493 2664 530 2696 ΙΙ
553 2664 675 2706 156sq.
699 2664 821 2707 452sq.

504 2718 539 2760 4)
564 2718 626 2751 vit.
651 2716 757 2751 Dion.
783 2728 813 2751 c.
841 2718 890 2750 17.
