2138 3299
958 357 1223 398 ...66-

381 484 537 537 phipoli
569 485 725 524 factam
755 498 799 523 se
830 484 1061 537 impedisse,
1094 499 1146 525 ne
1178 487 1229 526 de
1261 486 1448 526 Herculis
1480 486 1796 527 immortalitate

380 550 608 589 orationem
632 549 841 596 scriberet,
867 551 939 590 sed
963 550 1069 590 hanc
1095 550 1139 590 in
1163 555 1374 602 posterum
1398 563 1441 590 se
1466 551 1795 603 conscripturum

379 627 477 654 esse.
519 614 734 665 cogitatur
756 615 808 655 de
827 616 916 654 loco
938 615 1136 655 orationis
1157 616 1208 655 ad
1233 616 1334 655 Phil.
1359 629 1392 655 c.
1421 619 1480 663 12,
1503 616 1572 656 ubi
1595 617 1795 656 habemus

378 679 497 717 haec:
528 680 598 731 τὴν
629 680 671 719 δὲ
700 680 810 720 πόλιν
839 681 908 731 τὴν
937 680 1130 732 ἡμετέραν
1158 682 1288 732 φασὶν,
1318 682 1371 728 οἷς
1400 683 1488 733 περὶ
1516 687 1589 721 τῶν
1620 681 1795 721 παλαιῶν

379 744 622 796 πιστεύομεν,
665 744 856 796 Ἡρακλεῖ
899 748 966 797 μὲν
1003 746 1199 785 συναιτίαν
1238 746 1426 797 γενέσθαι
1470 753 1538 797 τῆς
1573 747 1796 792 ἀθανασίας

380 810 440 858 (ὃν
476 810 520 848 δὲ
555 811 708 860 τρὸπον,
747 811 806 847 σοὶ
845 812 912 861 μὲν
951 811 1064 855 αὖθις
1101 811 1305 849 πυθέσθαι
1344 812 1486 862 ῥᾴδιον,
1530 813 1613 862 ἐμοὶ
1650 812 1692 850 δὲ
1729 817 1794 849 νῦν

382 874 499 913 εἰπεῖν
540 876 583 912 οὐ
624 874 789 924 καιρός),
835 879 910 920 τοῖς
952 875 994 912 δὲ
1037 876 1147 913 παισὶ
1187 880 1263 920 τοῖς
1305 875 1454 913 ἐκείνου
1496 881 1563 926 τῆς
1603 875 1796 926 σωτηρίας

381 938 447 985 (cf.
477 950 509 975 c.
539 940 618 986 46).
649 938 875 976 Isocratem
901 938 984 975 tale
1010 938 1234 988 quiequam
1260 951 1344 976 non
1369 938 1412 976 in
1438 938 1576 976 animo
1602 939 1795 978 habuisse

379 1000 538 1051 optimo
557 1000 645 1039 iure
664 1001 862 1052 suspicari
883 1013 1112 1051 possumus
1134 1025 1187 1030 —-
1208 1001 1476 1053 Impugnavit
1496 1002 1624 1041 etiam
1643 1002 1791 1053 episto-

377 1065 597 1116 lographus
629 1065 854 1104 Isocratem
891 1078 1044 1104 vocans
1079 1078 1174 1105 eum
1213 1066 1400 1117 σοφιστήν
1436 1066 1479 1104 in
1511 1069 1589 1115 §91
1627 1068 1722 1117 πρὸς
1751 1068 1793 1105 δὲ

376 1130 520 1176 τούτοις
563 1131 625 1169 ἐπὶ
667 1129 824 1181 πράξεις
867 1144 912 1169 σε
955 1131 1107 1177 δικαίας
1149 1131 1359 1182 προκαλῶν
1402 1132 1421 1170 ὁ
1466 1131 1650 1183 σοφιστής
1700 1163 1706 1169 .
1740 1163 1746 1169 .
1777 1163 1784 1169 .

379 1194 605 1233 Isocratem
628 1195 688 1232 ita
711 1195 914 1233 nominari
938 1195 1115 1233 noluisse
1138 1196 1239 1233 satis
1263 1200 1440 1241 constat,
1466 1208 1561 1234 curn
1584 1195 1790 1246 sophistas

377 1258 672 1309 contempserit
699 1258 765 1307 (cf.
796 1258 897 1297 Phil.
926 1272 959 1297 c.
989 1263 1023 1297 5.
1048 1262 1122 1307 10).
1178 1259 1285 1298 Sane
1309 1259 1690 1310 epistolographum
1714 1260 1792 1298 hac

377 1334 478 1360 voce
503 1334 587 1360 non
612 1323 735 1363 modo
761 1335 882 1361 usum
907 1335 994 1360 esse
1019 1323 1211 1369 ludibrio,
1237 1324 1309 1364 scd
1334 1323 1369 1361 ei
1396 1323 1523 1362 etiam
1550 1335 1791 1374 persuasum

376 1386 501 1425 fuisse
527 1387 753 1425 Isocratem
777 1387 987 1438 sophistae
1011 1387 1176 1427 cuidam
1201 1389 1465 1439 aequandum
1489 1400 1575 1426 esse
1600 1387 1789 1434 arbitror,

376 1462 423 1488 ac
442 1450 618 1489 fortasse
636 1451 679 1489 in
696 1451 894 1490 memoria
911 1451 998 1490 eius
1017 1452 1290 1491 versabantur
1311 1452 1436 1491 verba
1461 1454 1513 1491 ὧν
1535 1453 1556 1492 ὁ
1575 1454 1622 1491 τὰ
1642 1453 1791 1491 παλαιὰ

375 1520 518 1561 καινῶς
681 1515 864 1561 Accedit,
900 1516 1012 1566 quod
1047 1515 1119 1554 vix
1144 1515 1283 1566 negari
1317 1520 1454 1566 potest
1480 1516 1597 1554 illum
1623 1527 1666 1553 re
1693 1528 1790 1555 vera

374 1579 606 1630 sophistam
642 1580 853 1630 quendam
890 1579 1027 1624 luisse,
1065 1579 1135 1630 qui
1172 1579 1409 1630 saepissime
1445 1584 1788 1626 commoveretur,

376 1647 424 1682 ut
444 1656 539 1682 cum
559 1644 792 1695 discipulos,
815 1643 886 1695 qui
905 1656 1001 1683 eum
1021 1644 1278 1683 adiuvabant
1298 1648 1340 1682 et
1359 1643 1645 1690 imitabantur,
1667 1644 1788 1682 casti-

374 1712 492 1759 garet
516 1713 609 1747 tum
635 1709 904 1754 adversarios,
931 1708 1002 1759 qui
1029 1708 1279 1748 vellicabant
1304 1708 1390 1747 eius
1416 1709 1543 1748 verba
1567 1713 1610 1747 et
1635 1709 1790 1759 scripta

377 1772 442 1821 (cf.
476 1772 598 1811 Isocr.
630 1772 732 1811 Phil.
763 1785 796 1811 c.
829 1777 862 1810 5.
896 1776 956 1811 35.
989 1775 1049 1811 39.
1084 1775 1168 1811 131.
1204 1775 1277 1811 138
1305 1772 1495 1823 aliaque).

506 1838 692 1888 Apparet
707 1849 780 1876 nos
796 1837 1065 1887 comprobare
1081 1849 1164 1875 non
1179 1849 1309 1887 posse,
1326 1849 1410 1887 qua
1423 1836 1584 1875 ratione
1598 1836 1787 1887 epistolo-

372 1901 552 1952 graphus
591 1900 839 1951 pugnaverit
877 1904 1022 1939 contra
1061 1900 1253 1938 Isocratis
1292 1900 1524 1938 orationem
1563 1901 1617 1939 ad
1653 1912 1790 1951 regem

373 1965 553 2003 missam.
599 1964 732 2003 Immo
754 1977 852 2003 vero
874 1964 950 2002 nisi
972 1964 1015 2002 in
1035 1964 1213 2015 epistula
1233 1964 1367 2003 multa
1388 1968 1659 2010 occurrerent,
1683 1977 1790 2015 quae

374 2040 448 2079 pro
483 2032 596 2066 certo
632 2041 716 2066 non
750 2032 955 2072 constent,
991 2028 1227 2066 existimare
1263 2040 1473 2078 possemus
1513 2028 1789 2078 Speusippum

371 2093 508 2144 ipsum
547 2092 748 2133 eiusmodi
786 2092 914 2131 verba
954 2092 1005 2132 de
1038 2092 1219 2130 Isocrate
1258 2092 1411 2131 fecisse.
1476 2092 1788 2132 Controversiae

371 2157 494 2202 enim,
510 2169 618 2208 quae
632 2157 784 2195 fuerint
800 2157 906 2195 inter
924 2157 1199 2208 Speusippum
1212 2161 1255 2195 et
1271 2157 1510 2202 Isocratem,
1526 2169 1610 2195 non
1623 2156 1789 2207 ignotae

369 2226 486 2260 sunt:
521 2221 673 2261 seimus
709 2222 935 2260 Isocratem
967 2221 1117 2260 librum
1150 2220 1358 2271 scripsisse
1391 2224 1538 2259 contra
1572 2221 1787 2259 Platonem

376 2288 479 2337 (περὶ
507 2285 745 2334 Πλάτωνος),
777 2289 823 2323 ut
844 2284 971 2324 etiam
991 2285 1178 2336 discipuli
1199 2284 1285 2323 eius
1306 2284 1504 2330 nonnulli,
1530 2288 1577 2323 ut
1597 2285 1786 2336 Cephiso-

370 2350 494 2389 dotus
513 2354 555 2388 et
571 2351 877 2400 Theopompus,
896 2350 1111 2388 Platonem
1125 2350 1485 2399 reprehenderant.
1505 2349 1598 2388 Huc
1614 2349 1785 2394 aceedit,

369 2414 482 2464 quod
502 2414 686 2454 Caeneus
706 2413 879 2465 quidam
900 2413 998 2462 (vid.
1021 2413 1137 2465 Diog.
1162 2414 1205 2452 L.
1227 2413 1286 2452 IV
1304 2415 1343 2461 2)
1363 2413 1489 2452 refert
1511 2413 1787 2463 Speusippum

369 2490 520 2516 arcana
539 2478 733 2517 Isocratis
752 2477 993 2529 prodidisse,
1012 2490 1118 2529 quae
1136 2491 1219 2516 non
1237 2481 1457 2528 praecepta
1476 2477 1526 2516 de
1544 2480 1634 2515 arte
1649 2477 1786 2515 rheto-

368 2542 453 2580 rica
481 2542 618 2587 fuisse,
647 2543 719 2582 sed
747 2546 795 2580 ut
823 2542 906 2580 iam
935 2542 1252 2591 Rehdantziusl)
1280 2545 1391 2579 recte
1419 2541 1784 2586 animadverterat,

499 2627 533 2665 1)
557 2627 660 2660 Vitae
695 2627 891 2669 Iphicratis,
933 2627 1112 2667 Chabriae,
1153 2627 1329 2660 Timothei
1368 2627 1651 2666 Atheniensium,
1692 2625 1785 2666 1845,

368 2692 399 2724 p.
420 2681 540 2723 163sq.
