2138 3299
973 318 1239 358 ...92-

401 459 558 487 annum
584 450 673 492 347,
699 459 783 498 quo
808 448 997 486 mortuus
1021 449 1086 484 est
1112 446 1245 492 Plato,
1270 445 1470 498 scriptam
1493 458 1581 485 esse
1605 439 1725 499 fingi:
1751 448 1817 487 sin

401 515 543 552 autem
571 510 711 550 omnia
737 511 839 549 haec
867 513 1040 561 peccata
1069 510 1300 562 Speusippo
1328 510 1626 557 adiudicamus‚
1655 511 1815 563 longius

399 575 600 614 habemus
623 574 891 614 intervallum
913 573 1117 626 epistulae
1139 588 1223 626 quo
1246 578 1434 626 tempore
1455 574 1612 626 scripta
1635 574 1738 614 ficta
1759 575 1816 615 sit

398 637 752 685 determinandae,
773 639 886 690 quod
910 638 1164 691 Speusippus
1183 642 1372 679 mortuus
1392 642 1456 678 est
1475 639 1644 680 demum
1664 651 1700 678 a.
1724 641 1813 678 339.

531 702 655 744 Unde
673 703 822 742 missae
839 703 925 743 sint
943 703 1120 750 litterae,
1141 717 1226 743 non
1245 703 1408 750 dicitur,
1428 704 1500 743 sed
1521 702 1705 755 accipere
1723 716 1815 755 pos-

398 779 542 806 sumus
564 766 768 817 epistulae
791 771 1003 806 auctorem
1026 767 1227 819 cogitasse
1249 768 1301 808 de
1325 768 1678 818 Syracusanorum
1700 767 1814 812 urbe,

401 834 450 871 ut
477 830 701 882 epistulam
727 831 835 871 hanc
866 831 1141 883 compositam
1175 845 1262 872 esse
1290 832 1391 884 fingi
1418 845 1467 872 eo
1494 836 1693 884 tempore,
1732 844 1816 885 quo

401 894 625 946 Dionysius
650 895 693 934 II
724 895 878 934 iterum
904 896 1116 947 Syracusis
1140 900 1328 936 versatus
1359 900 1486 949 atque
1509 896 1750 948 priusquam
1773 895 1817 934 in

400 963 649 1011 perpetuum
669 960 865 1011 expulsus
884 963 948 999 est
971 962 1023 1010 (a.
1048 963 1155 1010 346),
1177 961 1391 1012 probabile
1410 961 1612 1002 videatur.
1654 961 1719 1001 Ad
1738 961 1816 1000 hoc

402 1023 656 1076 Speusippus
686 1023 756 1063 illo
785 1028 973 1076 ternpore
1002 1025 1251 1066 Academiae
1280 1025 1561 1078 principatum
1589 1024 1817 1065 obtinuisse

399 1087 583 1134 videtur:
620 1088 814 1140 equidem
847 1088 982 1128 sentio
1017 1102 1125 1140 quae
1158 1094 1455 1130 enumerantur
1490 1090 1609 1136 vitia,
1644 1103 1729 1129 non
1763 1090 1816 1130 ad

401 1151 682 1204 Speusippum
705 1152 852 1198 solum,
883 1153 955 1193 sed
976 1152 1105 1192 etiam
1134 1153 1187 1194 ad
1209 1153 1476 1203 Platoneml),
1506 1166 1631 1206 quem
1650 1157 1816 1193 secutus

398 1220 464 1255 est
490 1216 558 1256 ille
585 1216 629 1255 in
655 1217 891 1257 exercendis
920 1217 1150 1268 praeceptis
1179 1217 1483 1268 philosophicis,
1512 1217 1818 1269 discipulosque

397 1279 498 1327 eius,
516 1279 588 1332 qui
601 1279 646 1319 in
658 1280 883 1321 Academia
896 1281 1183 1327 versabantur,
1198 1280 1412 1322 referenda
1423 1293 1512 1320 esse
1526 1281 1593 1331 (cf.
1610 1281 1816 1333 Epicratis

398 1345 711 1397 fragmentum),
730 1350 778 1385 ut
794 1358 880 1385 non
894 1345 1069 1387 dubium
1084 1345 1153 1392 sit,
1171 1346 1273 1398 quin
1287 1350 1331 1385 et
1349 1346 1603 1398 Speusippus
1618 1350 1662 1386 et
1677 1346 1817 1386 schola

397 1409 659 1456 Academica,
681 1409 797 1449 cuius
818 1414 946 1462 caput
965 1414 1057 1449 erat
1077 1409 1156 1456 ille,
1178 1410 1300 1450 simul
1322 1414 1450 1463 atque
1470 1423 1554 1450 una
1574 1410 1814 1450 illudantur.

404 1475 497 1527 Qua
510 1475 562 1516 de
575 1487 700 1515 causa
712 1474 935 1526 epistulam
950 1479 999 1516 36
1015 1475 1172 1515 Socrat.
1189 1488 1248 1515 ca.
1266 1488 1395 1515 annos
1410 1476 1527 1527 347J6
1540 1475 1817 1528 conscriptam

399 1552 487 1579 esse
514 1539 616 1591 fingi
644 1539 803 1592 opinor.
1646 1584 1650 1586 ,

533 1605 764 1656 Postquam
801 1604 952 1656 quibus
983 1604 1218 1645 nominibus
1257 1604 1459 1655 epistulae
1487 1604 1710 1656 inscriptae
1739 1604 1816 1644 fin-

398 1671 554 1720 guntur
572 1668 928 1720 investigavimus,
948 1681 1033 1720 qua
1049 1668 1211 1707 ratione
1227 1668 1335 1707 int-er
1352 1681 1396 1707 se
1413 1669 1661 1707 cohaereant
1678 1668 1816 1707 simul-

398 1745 481 1784 que
520 1733 573 1773 de
613 1736 783 1772 auctore
812 1732 1028 1784 utriusque
1056 1732 1259 1784 epistulae
1299 1732 1562 1784 quaestiones
1602 1732 1815 1772 faciamus.

398 1798 531 1837 Nemo
550 1796 635 1836 iam
654 1796 824 1849 negabit
844 1797 1067 1849 epistulam
1089 1800 1138 1837 36
1157 1809 1401 1848 responsum
1421 1797 1520 1837 dare
1540 1796 1815 1843 antecedenti,

396 1861 510 1913 quod
523 1861 657 1900 elucet
670 1873 722 1900 ex
735 1861 877 1901 multis
891 1861 989 1900 locis
1003 1860 1283 1901 consimilibus
1297 1860 1452 1912 partim
1464 1860 1650 1912 repetitis
1664 1861 1818 1912 partim

396 1924 612 1976 oppositis,
631 1937 735 1977 quos
753 1925 987 1976 composuit
1005 1924 1304 1966 Constantinus
1323 1924 1461 1965 Ritter
1479 1937 1518 1976 p.
1539 1928 1627 1965 387.
1664 1925 1817 1965 Obstat

397 1993 553 2035 autem,
574 1993 623 2028 ut
641 1989 880 2035 statuimuS,
903 1989 1124 2041 quominus
1143 1989 1323 2041 epistula
1343 1992 1393 2029 36
1412 1989 1466 2028 ab
1485 1988 1566 2029 alio
1585 1989 1819 2040 conscripta

396 2066 485 2093 esse
514 2053 707 2094 videatur
736 2058 906 2093 auctore
935 2058 1064 2106 atque-
1091 2053 1272 2106 epistula
1302 2056 1364 2100 35,
1394 2066 1529 2106 neque
1557 2065 1655 2093 vero
1684 2053 1819 2094 dicere

397 2131 615 2169 possumus
635 2118 859 2169 epistulam
878 2122 927 2158 36
943 2119 1075 2158 solam
1091 2118 1180 2158 sine
1197 2118 1324 2159 dubio
1342 2131 1427 2157 non
1443 2130 1585 2157 veram
1601 2130 1701 2163 esse,
1719 2117 1819 2169 quia

394 2182 698 2233 complectatur
718 2195 827 2233 quae
845 2186 1076 2233 repugnent
1095 2182 1298 2234 epistulae
1319 2185 1369 2222 35
1389 2181 1543 2229 verbis:
1565 2181 1685 2221 facile
1704 2181 1816 2220 enim

526 2269 561 2310 l)
581 2269 749 2302 Fortasse
773 2267 891 2302 verbis
915 2267 1076 2310 Κέκροπος
1098 2267 1125 2313 ᾦ
1142 2270 1179 2302 σὺ
1197 2270 1256 2310 οὐχ
1270 2271 1316 2302 ὡς
1329 2269 1423 2311 πατρὶ
1439 2268 1504 2301 ὄντι
1520 2269 1660 2311 ἐχαρίσω
1683 2267 1817 2308 (aoristi

395 2322 540 2363 formal)
571 2322 676 2354 Plato
705 2322 775 2354 iam
795 2324 957 2355 mortuus
985 2322 1144 2355 habetur.
1195 2322 1310 2355 Verba
1339 2332 1429 2364 quae
1460 2323 1659 2364 sequuntur
1683 2322 1820 2361 τολμᾶτε

395 2376 725 2419 θεραπεύεινᾛομείᾳ
743 2374 789 2407 ad
800 2378 941 2418 tempus
954 2376 1096 2418 propius
1114 2375 1422 2409 determinandum
1442 2375 1492 2408 nil
1503 2375 1623 2408 valere
1639 2374 1818 2411 videntur,

395 2439 480 2463 cum
494 2429 694 2472 Dionysius
717 2429 850 2461 ironice
866 2429 1082 2462 mentionem
1098 2429 1205 2462 faciat
1224 2429 1319 2462 illius
1336 2429 1559 2463 collectionis
1583 2438 1605 2460 a
1620 2428 1817 2471 Speusippo

394 2492 457 2526 pro
487 2482 600 2516 amico
630 2481 746 2516 factae
778 2481 838 2523 (cf.
863 2492 940 2525 pag.
965 2482 1041 2525 89);
1074 2482 1137 2517 sed
1167 2482 1248 2515 fieri
1279 2483 1408 2526 potuit,
1441 2485 1484 2514 ut
1513 2480 1819 2525 epistolographus

394 2537 568 2581 pluralem
579 2535 752 2570 adhibens
764 2535 912 2569 formam
925 2537 1063 2578 τολμᾶτε
1071 2537 1304 2580 cogitavisset
1313 2536 1357 2569 de
1366 2536 1570 2570 Xenocrate
1579 2538 1616 2568 et
1626 2535 1818 2568 Aristotele

394 2591 489 2635 apud
512 2591 695 2624 Hermiam
722 2591 917 2623 Atarneum
948 2591 1260 2624 commorantibus.
1303 2591 1418 2623 Immo
1441 2600 1528 2624 vero
1552 2589 1658 2623 valde
1682 2589 1818 2629 dubito,

393 2656 440 2679 an
463 2645 637 2689 epistulae
659 2647 785 2678 auctor
807 2647 1007 2688 temporum
1030 2644 1190 2679 ordinem
1212 2645 1416 2678 servaverit.
