<?xml version="1.0" encoding="UTF-8"?>
<!DOCTYPE html PUBLIC "-//W3C//DTD XHTML 1.0 Transitional//EN"
    "http://www.w3.org/TR/xhtml1/DTD/xhtml1-transitional.dtd">
<html xmlns="http://www.w3.org/1999/xhtml" xml:lang="en" lang="en">
 <head>
  <title>
</title>
<meta http-equiv="Content-Type" content="text/html;charset=utf-8" />
  <meta name='ocr-system' content='tesseract 3.04.00' />
  <meta name='ocr-capabilities' content='ocr_page ocr_carea ocr_par ocr_line ocrx_word'/>
</head>
<body>
  <div class='ocr_page' id='page_1' title='image "4738057_0083.png"; bbox 0 0 2138 3299; ppageno 0'>
   <div class='ocr_carea' id='block_1_1' title="bbox 941 338 1205 379">
    <p class='ocr_par' dir='ltr' id='par_1_1' title="bbox 941 338 1205 379">
     <span class='ocr_line' id='line_1_1' title="bbox 941 338 1205 379; baseline 0 -11"><span class='ocrx_word' id='word_1_1' title='bbox 941 338 1205 379; x_wconf 72' lang='lat'>..75-</span> 
     </span>
    </p>
   </div>
   <div class='ocr_carea' id='block_1_2' title="bbox 343 465 1784 2057">
    <p class='ocr_par' dir='ltr' id='par_1_2' title="bbox 363 465 1779 580">
     <span class='ocr_line' id='line_1_2' title="bbox 363 465 1779 518; baseline 0 -11"><span class='ocrx_word' id='word_1_2' title='bbox 363 466 662 518; x_wconf 86' lang='lat' dir='ltr'><strong>paeninsulam,</strong></span> <span class='ocrx_word' id='word_1_3' title='bbox 673 466 745 505; x_wconf 83' lang='lat' dir='ltr'><strong>sed</strong></span> <span class='ocrx_word' id='word_1_4' title='bbox 752 465 880 505; x_wconf 85' lang='lat' dir='ltr'><strong>etiam</strong></span> <span class='ocrx_word' id='word_1_5' title='bbox 889 465 1042 505; x_wconf 89' lang='lat' dir='ltr'><strong>multos</strong></span> <span class='ocrx_word' id='word_1_6' title='bbox 1051 465 1150 505; x_wconf 89' lang='lat' dir='ltr'><strong>alios</strong></span> <span class='ocrx_word' id='word_1_7' title='bbox 1162 465 1779 518; x_wconf 81' lang='lat' dir='ltr'><strong>agros‚utLacedaemoniorum,</strong></span> 
     </span>
     <span class='ocr_line' id='line_1_3' title="bbox 365 529 1462 580; baseline 0.001 -11"><span class='ocrx_word' id='word_1_8' title='bbox 365 531 683 575; x_wconf 81' lang='lat' dir='ltr'><strong>Toronaeorum,</strong></span> <span class='ocrx_word' id='word_1_9' title='bbox 713 529 920 575; x_wconf 88' lang='lat' dir='ltr'>Edonum,</span> <span class='ocrx_word' id='word_1_10' title='bbox 948 542 1036 568; x_wconf 91' lang='lat' dir='ltr'><strong>esse</strong></span> <span class='ocrx_word' id='word_1_11' title='bbox 1063 529 1462 580; x_wconf 78' lang='lat' dir='ltr'><strong>Heraclidarum1)²).</strong></span> 
     </span>
    </p>

    <p class='ocr_par' dir='ltr' id='par_1_3' title="bbox 343 592 1784 2057">
     <span class='ocr_line' id='line_1_4' title="bbox 495 592 1780 646; baseline 0.002 -15"><span class='ocrx_word' id='word_1_12' title='bbox 495 593 667 633; x_wconf 93' lang='lat' dir='ltr'><strong>Nullum</strong></span> <span class='ocrx_word' id='word_1_13' title='bbox 702 592 841 633; x_wconf 89' lang='lat' dir='ltr'><strong>inveni</strong></span> <span class='ocrx_word' id='word_1_14' title='bbox 876 598 1041 640; x_wconf 86' lang='lat' dir='ltr'><strong>testem,</strong></span> <span class='ocrx_word' id='word_1_15' title='bbox 1079 593 1150 646; x_wconf 91' lang='lat' dir='ltr'><strong>qui</strong></span> <span class='ocrx_word' id='word_1_16' title='bbox 1187 593 1523 634; x_wconf 78' lang='lat' dir='ltr'>Aristomachum</span> <span class='ocrx_word' id='word_1_17' title='bbox 1559 595 1702 634; x_wconf 87' lang='lat' dir='ltr'><strong>Tmolo</strong></span> <span class='ocrx_word' id='word_1_18' title='bbox 1737 599 1780 633; x_wconf 88' lang='lat' dir='ltr'><strong>et</strong></span> 
     </span>
     <span class='ocr_line' id='line_1_5' title="bbox 362 658 1781 711; baseline 0 -15"><span class='ocrx_word' id='word_1_19' title='bbox 362 658 567 710; x_wconf 81' lang='lat' dir='ltr'>Telegono</span> <span class='ocrx_word' id='word_1_20' title='bbox 593 658 836 697; x_wconf 78' lang='lat' dir='ltr'><strong>successisse</strong></span> <span class='ocrx_word' id='word_1_21' title='bbox 862 658 1102 705; x_wconf 81' lang='lat' dir='ltr'><strong>confirmat;</strong></span> <span class='ocrx_word' id='word_1_22' title='bbox 1132 663 1294 710; x_wconf 87' lang='lat' dir='ltr'><strong>praeter</strong></span> <span class='ocrx_word' id='word_1_23' title='bbox 1321 660 1399 698; x_wconf 90' lang='lat' dir='ltr'><strong>hoc</strong></span> <span class='ocrx_word' id='word_1_24' title='bbox 1426 671 1533 711; x_wconf 89' lang='lat' dir='ltr'><strong>quae</strong></span> <span class='ocrx_word' id='word_1_25' title='bbox 1559 658 1781 710; x_wconf 74' lang='lat' dir='ltr'><strong>Antipater</strong></span> 
     </span>
     <span class='ocr_line' id='line_1_6' title="bbox 360 722 1780 775; baseline 0.001 -15"><span class='ocrx_word' id='word_1_26' title='bbox 360 722 487 761; x_wconf 77' lang='lat' dir='ltr'><strong>refert</strong></span> <span class='ocrx_word' id='word_1_27' title='bbox 510 723 562 763; x_wconf 89' lang='lat' dir='ltr'><strong>de</strong></span> <span class='ocrx_word' id='word_1_28' title='bbox 584 722 763 762; x_wconf 80' lang='lat' dir='ltr'><strong>Hercule</strong></span> <span class='ocrx_word' id='word_1_29' title='bbox 784 722 827 761; x_wconf 91' lang='lat' dir='ltr'><strong>in</strong></span> <span class='ocrx_word' id='word_1_30' title='bbox 848 723 1013 774; x_wconf 83' lang='lat' dir='ltr'><strong>regione</strong></span> <span class='ocrx_word' id='word_1_31' title='bbox 1027 724 1272 764; x_wconf 85' lang='lat' dir='ltr'><strong>Ambracica</strong></span> <span class='ocrx_word' id='word_1_32' title='bbox 1294 728 1498 770; x_wconf 78' lang='lat' dir='ltr'><strong>versante,</strong></span> <span class='ocrx_word' id='word_1_33' title='bbox 1522 724 1633 763; x_wconf 91' lang='lat' dir='ltr'><strong>nullo</strong></span> <span class='ocrx_word' id='word_1_34' title='bbox 1656 735 1780 775; x_wconf 88' lang='lat' dir='ltr'><strong>argu-</strong></span> 
     </span>
     <span class='ocr_line' id='line_1_7' title="bbox 362 787 1781 839; baseline 0.001 -13"><span class='ocrx_word' id='word_1_35' title='bbox 362 790 506 826; x_wconf 86' lang='lat' dir='ltr'><strong>mento</strong></span> <span class='ocrx_word' id='word_1_36' title='bbox 541 787 690 826; x_wconf 86' lang='lat' dir='ltr'><strong>testari</strong></span> <span class='ocrx_word' id='word_1_37' title='bbox 726 800 956 838; x_wconf 88' lang='lat' dir='ltr'><strong>possumus.</strong></span> <span class='ocrx_word' id='word_1_38' title='bbox 1029 787 1326 839; x_wconf 85' lang='lat' dir='ltr'><strong>Comperimus,</strong></span> <span class='ocrx_word' id='word_1_39' title='bbox 1363 789 1476 839; x_wconf 90' lang='lat' dir='ltr'><strong>quod</strong></span> <span class='ocrx_word' id='word_1_40' title='bbox 1512 788 1692 839; x_wconf 73' lang='lat' dir='ltr'><strong>pertinet</strong></span> <span class='ocrx_word' id='word_1_41' title='bbox 1729 787 1781 828; x_wconf 89' lang='lat' dir='ltr'><strong>ad</strong></span> 
     </span>
     <span class='ocr_line' id='line_1_8' title="bbox 363 851 1781 903; baseline 0 -12"><span class='ocrx_word' id='word_1_42' title='bbox 363 851 634 893; x_wconf 74' lang='lat' dir='ltr'><strong>Ambrae-icae</strong></span> <span class='ocrx_word' id='word_1_43' title='bbox 647 855 783 889; x_wconf 90' lang='lat' dir='ltr'><strong>terrae</strong></span> <span class='ocrx_word' id='word_1_44' title='bbox 799 851 1098 902; x_wconf 86' lang='lat' dir='ltr'><strong>mythologicas</strong></span> <span class='ocrx_word' id='word_1_45' title='bbox 1113 863 1190 898; x_wconf 91' lang='lat' dir='ltr'><strong>res,</strong></span> <span class='ocrx_word' id='word_1_46' title='bbox 1207 865 1259 891; x_wconf 85' lang='lat' dir='ltr'><strong>ex</strong></span> <span class='ocrx_word' id='word_1_47' title='bbox 1273 853 1352 891; x_wconf 86' lang='lat' dir='ltr'><strong>hac</strong></span> <span class='ocrx_word' id='word_1_48' title='bbox 1367 852 1545 903; x_wconf 83' lang='lat' dir='ltr'><strong>epistula</strong></span> <span class='ocrx_word' id='word_1_49' title='bbox 1561 852 1781 891; x_wconf 88' lang='lat' dir='ltr'><strong>Herculem</strong></span> 
     </span>
     <span class='ocr_line' id='line_1_9' title="bbox 362 915 1782 966; baseline -0.001 -11"><span class='ocrx_word' id='word_1_50' title='bbox 362 915 519 956; x_wconf 91' lang='lat' dir='ltr'><strong>Clidem</strong></span> <span class='ocrx_word' id='word_1_51' title='bbox 536 915 706 966; x_wconf 83' lang='lat' dir='ltr'><strong>eiusque</strong></span> <span class='ocrx_word' id='word_1_52' title='bbox 722 915 829 953; x_wconf 81' lang='lat' dir='ltr'><strong>filios</strong></span> <span class='ocrx_word' id='word_1_53' title='bbox 853 937 906 943; x_wconf 89' lang='lat'><strong>—-</strong></span> <span class='ocrx_word' id='word_1_54' title='bbox 930 918 972 953; x_wconf 89' lang='lat' dir='ltr'><strong>et</strong></span> <span class='ocrx_word' id='word_1_55' title='bbox 991 915 1114 954; x_wconf 89' lang='lat' dir='ltr'><strong>Clidis</strong></span> <span class='ocrx_word' id='word_1_56' title='bbox 1132 919 1174 953; x_wconf 87' lang='lat' dir='ltr'><strong>et</strong></span> <span class='ocrx_word' id='word_1_57' title='bbox 1192 915 1373 955; x_wconf 81' lang='lat' dir='ltr'><strong>filiorum</strong></span> <span class='ocrx_word' id='word_1_58' title='bbox 1390 916 1476 954; x_wconf 86' lang='lat' dir='ltr'><strong>eius</strong></span> <span class='ocrx_word' id='word_1_59' title='bbox 1494 915 1663 954; x_wconf 89' lang='lat' dir='ltr'><strong>nomina</strong></span> <span class='ocrx_word' id='word_1_60' title='bbox 1680 920 1782 954; x_wconf 84' lang='lat' dir='ltr'><strong>nota</strong></span> 
     </span>
     <span class='ocr_line' id='line_1_10' title="bbox 361 978 1782 1029; baseline 0 -11"><span class='ocrx_word' id='word_1_61' title='bbox 361 992 446 1019; x_wconf 90' lang='lat' dir='ltr'><strong>non</strong></span> <span class='ocrx_word' id='word_1_62' title='bbox 463 982 561 1018; x_wconf 86' lang='lat' dir='ltr'><strong>sunt</strong></span> <span class='ocrx_word' id='word_1_63' title='bbox 580 1002 633 1007; x_wconf 95' lang='lat'><strong>——</strong></span> <span class='ocrx_word' id='word_1_64' title='bbox 651 978 847 1018; x_wconf 88' lang='lat' dir='ltr'><strong>occidisse</strong></span> <span class='ocrx_word' id='word_1_65' title='bbox 866 982 907 1017; x_wconf 90' lang='lat' dir='ltr'><strong>et</strong></span> <span class='ocrx_word' id='word_1_66' title='bbox 929 978 1106 1020; x_wconf 85' lang='lat' dir='ltr'><strong>Ladicae</strong></span> <span class='ocrx_word' id='word_1_67' title='bbox 1124 983 1166 1018; x_wconf 85' lang='lat' dir='ltr'><strong>et</strong></span> <span class='ocrx_word' id='word_1_68' title='bbox 1185 979 1412 1019; x_wconf 87' lang='lat' dir='ltr'><strong>Charattae</strong></span> <span class='ocrx_word' id='word_1_69' title='bbox 1432 979 1594 1029; x_wconf 86' lang='lat' dir='ltr'><strong>(itidem</strong></span> <span class='ocrx_word' id='word_1_70' title='bbox 1613 979 1782 1019; x_wconf 89' lang='lat' dir='ltr'><strong>nomina</strong></span> 
     </span>
     <span class='ocr_line' id='line_1_11' title="bbox 360 1043 1781 1095; baseline -0.001 -12"><span class='ocrx_word' id='word_1_71' title='bbox 360 1045 483 1094; x_wconf 86' lang='lat' dir='ltr'><strong>plane</strong></span> <span class='ocrx_word' id='word_1_72' title='bbox 498 1043 654 1095; x_wconf 89' lang='lat' dir='ltr'><strong>ignota,</strong></span> <span class='ocrx_word' id='word_1_73' title='bbox 672 1043 843 1090; x_wconf 84' lang='grc' dir='ltr'><em>Λάδικος</em></span> <span class='ocrx_word' id='word_1_74' title='bbox 863 1047 925 1082; x_wconf 87' lang='lat' dir='ltr'><strong>est</strong></span> <span class='ocrx_word' id='word_1_75' title='bbox 943 1044 1219 1083; x_wconf 88' lang='lat' dir='ltr'><strong>Acharnensis</strong></span> <span class='ocrx_word' id='word_1_76' title='bbox 1241 1043 1412 1095; x_wconf 88' lang='lat' dir='ltr'><strong>quidam</strong></span> <span class='ocrx_word' id='word_1_77' title='bbox 1430 1045 1542 1094; x_wconf 86' lang='lat' dir='ltr'><strong>apud</strong></span> <span class='ocrx_word' id='word_1_78' title='bbox 1560 1044 1781 1095; x_wconf 87' lang='lat' dir='ltr'><strong>Polybium</strong></span> 
     </span>
     <span class='ocr_line' id='line_1_12' title="bbox 361 1107 1780 1159; baseline 0 -13"><span class='ocrx_word' id='word_1_79' title='bbox 361 1107 421 1146; x_wconf 93' lang='lat' dir='ltr'><strong>IV</strong></span> <span class='ocrx_word' id='word_1_80' title='bbox 438 1110 487 1146; x_wconf 90' lang='lat'><strong>80</strong></span> <span class='ocrx_word' id='word_1_81' title='bbox 512 1107 769 1157; x_wconf 90' lang='lat' dir='ltr'><strong>nominatus)</strong></span> <span class='ocrx_word' id='word_1_82' title='bbox 791 1107 1001 1159; x_wconf 82' lang='lat' dir='ltr'><strong>regionem</strong></span> <span class='ocrx_word' id='word_1_83' title='bbox 1025 1107 1314 1147; x_wconf 88' lang='lat' dir='ltr'><strong>Ambracicam</strong></span> <span class='ocrx_word' id='word_1_84' title='bbox 1337 1108 1599 1148; x_wconf 87' lang='lat' dir='ltr'><strong>commisisse.</strong></span> <span class='ocrx_word' id='word_1_85' title='bbox 1648 1108 1780 1147; x_wconf 92' lang='lat' dir='ltr'><strong>Nemo</strong></span> 
     </span>
     <span class='ocr_line' id='line_1_13' title="bbox 360 1171 1780 1225; baseline 0.001 -15"><span class='ocrx_word' id='word_1_86' title='bbox 360 1172 445 1211; x_wconf 88' lang='lat' dir='ltr'><strong>iam</strong></span> <span class='ocrx_word' id='word_1_87' title='bbox 461 1172 630 1224; x_wconf 82' lang='lat' dir='ltr'><strong>negabit</strong></span> <span class='ocrx_word' id='word_1_88' title='bbox 656 1171 700 1210; x_wconf 91' lang='lat' dir='ltr'><strong>in</strong></span> <span class='ocrx_word' id='word_1_89' title='bbox 715 1172 778 1210; x_wconf 88' lang='lat' dir='ltr'><strong>his</strong></span> <span class='ocrx_word' id='word_1_90' title='bbox 792 1171 928 1212; x_wconf 88' lang='lat' dir='ltr'><strong>verbis</strong></span> <span class='ocrx_word' id='word_1_91' title='bbox 944 1172 1051 1211; x_wconf 91' lang='lat' dir='ltr'><strong>illius</strong></span> <span class='ocrx_word' id='word_1_92' title='bbox 1066 1172 1241 1225; x_wconf 86' lang='lat' dir='ltr'><strong>regionis</strong></span> <span class='ocrx_word' id='word_1_93' title='bbox 1258 1173 1513 1212; x_wconf 89' lang='lat' dir='ltr'><strong>mentionem</strong></span> <span class='ocrx_word' id='word_1_94' title='bbox 1531 1172 1780 1212; x_wconf 83' lang='lat' dir='ltr'><strong>facientibus</strong></span> 
     </span>
     <span class='ocr_line' id='line_1_14' title="bbox 361 1236 1780 1288; baseline 0.001 -13"><span class='ocrx_word' id='word_1_95' title='bbox 361 1237 508 1287; x_wconf 85' lang='lat' dir='ltr'><strong>gravia</strong></span> <span class='ocrx_word' id='word_1_96' title='bbox 526 1240 655 1288; x_wconf 86' lang='lat' dir='ltr'><strong>atque</strong></span> <span class='ocrx_word' id='word_1_97' title='bbox 672 1239 907 1277; x_wconf 81' lang='lat' dir='ltr'><strong>memoratu</strong></span> <span class='ocrx_word' id='word_1_98' title='bbox 931 1236 1057 1288; x_wconf 86' lang='lat' dir='ltr'><strong>digna</strong></span> <span class='ocrx_word' id='word_1_99' title='bbox 1075 1237 1283 1288; x_wconf 87' lang='lat' dir='ltr'><strong>quaedam</strong></span> <span class='ocrx_word' id='word_1_100' title='bbox 1301 1237 1450 1281; x_wconf 74' lang='lat' dir='ltr'><strong>latere:</strong></span> <span class='ocrx_word' id='word_1_101' title='bbox 1479 1238 1533 1277; x_wconf 89' lang='lat' dir='ltr'><strong>ad</strong></span> <span class='ocrx_word' id='word_1_102' title='bbox 1552 1239 1629 1276; x_wconf 88' lang='lat' dir='ltr'><strong>hoc</strong></span> <span class='ocrx_word' id='word_1_103' title='bbox 1650 1236 1780 1276; x_wconf 91' lang='lat' dir='ltr'><strong>Anto-</strong></span> 
     </span>
     <span class='ocr_line' id='line_1_15' title="bbox 360 1299 1780 1352; baseline 0 -12"><span class='ocrx_word' id='word_1_104' title='bbox 360 1300 483 1340; x_wconf 89' lang='lat' dir='ltr'><strong>ninus</strong></span> <span class='ocrx_word' id='word_1_105' title='bbox 509 1299 757 1348; x_wconf 79' lang='lat' dir='ltr'><strong>Liberalis³),</strong></span> <span class='ocrx_word' id='word_1_106' title='bbox 789 1300 860 1351; x_wconf 92' lang='lat' dir='ltr'><strong>qui</strong></span> <span class='ocrx_word' id='word_1_107' title='bbox 882 1301 1138 1352; x_wconf 83' lang='lat' dir='ltr'><strong>deprompsit</strong></span> <span class='ocrx_word' id='word_1_108' title='bbox 1159 1302 1261 1340; x_wconf 89' lang='lat' dir='ltr'><strong>haec</strong></span> <span class='ocrx_word' id='word_1_109' title='bbox 1291 1314 1313 1340; x_wconf 90' lang='lat' dir='ltr'><strong>e</strong></span> <span class='ocrx_word' id='word_1_110' title='bbox 1334 1300 1531 1341; x_wconf 88' lang='lat' dir='ltr'><strong>Nicandri</strong></span> <span class='ocrx_word' id='word_1_111' title='bbox 1561 1301 1678 1346; x_wconf 88' lang='lat' dir='ltr'><strong>libro,</strong></span> <span class='ocrx_word' id='word_1_112' title='bbox 1709 1301 1780 1352; x_wconf 90' lang='lat' dir='ltr'><strong>qui</strong></span> 
     </span>
     <span class='ocr_line' id='line_1_16' title="bbox 358 1363 1779 1418; baseline 0.001 -16"><span class='ocrx_word' id='word_1_113' title='bbox 358 1363 597 1404; x_wconf 82' lang='lat' dir='ltr'><strong>inscribitur</strong></span> <span class='ocrx_word' id='word_1_114' title='bbox 641 1364 943 1416; x_wconf 83' lang='grc' dir='ltr'><em>Ἑτεροιούμενα,</em></span> <span class='ocrx_word' id='word_1_115' title='bbox 983 1370 1026 1403; x_wconf 84' lang='lat' dir='ltr'><strong>et</strong></span> <span class='ocrx_word' id='word_1_116' title='bbox 1064 1366 1313 1405; x_wconf 85' lang='lat' dir='ltr'><strong>Athanadae</strong></span> <span class='ocrx_word' id='word_1_117' title='bbox 1349 1365 1619 1418; x_wconf 76' lang='grc' dir='ltr'>Ἀμβρακικά,</span> <span class='ocrx_word' id='word_1_118' title='bbox 1654 1365 1779 1404; x_wconf 84' lang='lat' dir='ltr'><strong>refert</strong></span> 
     </span>
     <span class='ocr_line' id='line_1_17' title="bbox 360 1428 1782 1482; baseline 0 -14"><span class='ocrx_word' id='word_1_119' title='bbox 360 1429 581 1468; x_wconf 87' lang='lat' dir='ltr'><strong>Herculem</strong></span> <span class='ocrx_word' id='word_1_120' title='bbox 610 1428 762 1469; x_wconf 88' lang='lat' dir='ltr'><strong>dixisse</strong></span> <span class='ocrx_word' id='word_1_121' title='bbox 782 1429 1049 1469; x_wconf 85' lang='lat' dir='ltr'><strong>Ambraciam</strong></span> <span class='ocrx_word' id='word_1_122' title='bbox 1076 1435 1117 1469; x_wconf 91' lang='lat' dir='ltr'><strong>et</strong></span> <span class='ocrx_word' id='word_1_123' title='bbox 1140 1434 1278 1469; x_wconf 88' lang='lat' dir='ltr'><strong>totam</strong></span> <span class='ocrx_word' id='word_1_124' title='bbox 1294 1430 1408 1482; x_wconf 87' lang='lat' dir='ltr'><strong>Epiri</strong></span> <span class='ocrx_word' id='word_1_125' title='bbox 1427 1429 1635 1482; x_wconf 82' lang='lat' dir='ltr'><strong>regionem</strong></span> <span class='ocrx_word' id='word_1_126' title='bbox 1662 1441 1782 1468; x_wconf 82' lang='lat' dir='ltr'><strong>suam</strong></span> 
     </span>
     <span class='ocr_line' id='line_1_18' title="bbox 359 1493 1781 1545; baseline 0 -13"><span class='ocrx_word' id='word_1_127' title='bbox 359 1506 459 1539; x_wconf 90' lang='lat' dir='ltr'><strong>esse,</strong></span> <span class='ocrx_word' id='word_1_128' title='bbox 490 1497 715 1544; x_wconf 84' lang='lat' dir='ltr'><strong>postquam</strong></span> <span class='ocrx_word' id='word_1_129' title='bbox 736 1494 884 1539; x_wconf 86' lang='lat' dir='ltr'><strong>Celtas,</strong></span> <span class='ocrx_word' id='word_1_130' title='bbox 906 1495 1106 1540; x_wconf 87' lang='lat' dir='ltr'><strong>Chaones,</strong></span> <span class='ocrx_word' id='word_1_131' title='bbox 1137 1496 1400 1545; x_wconf 75' lang='lat' dir='ltr'><strong>Thesprotos,</strong></span> <span class='ocrx_word' id='word_1_132' title='bbox 1431 1494 1502 1545; x_wconf 92' lang='lat' dir='ltr'><strong>qui</strong></span> <span class='ocrx_word' id='word_1_133' title='bbox 1531 1493 1606 1533; x_wconf 89' lang='lat' dir='ltr'><strong>sibi</strong></span> <span class='ocrx_word' id='word_1_134' title='bbox 1627 1493 1781 1533; x_wconf 91' lang='lat' dir='ltr'><strong>bellum</strong></span> 
     </span>
     <span class='ocr_line' id='line_1_19' title="bbox 359 1557 1780 1608; baseline -0.001 -12"><span class='ocrx_word' id='word_1_135' title='bbox 359 1557 610 1604; x_wconf 85' lang='lat' dir='ltr'><strong>intulissent,</strong></span> <span class='ocrx_word' id='word_1_136' title='bbox 644 1559 871 1608; x_wconf 77' lang='lat' dir='ltr'><strong>superavit,</strong></span> <span class='ocrx_word' id='word_1_137' title='bbox 907 1563 1052 1608; x_wconf 81' lang='lat' dir='ltr'><strong>postea</strong></span> <span class='ocrx_word' id='word_1_138' title='bbox 1084 1562 1226 1597; x_wconf 89' lang='lat' dir='ltr'><strong>autem</strong></span> <span class='ocrx_word' id='word_1_139' title='bbox 1258 1559 1423 1597; x_wconf 87' lang='lat' dir='ltr'><strong>colonos</strong></span> <span class='ocrx_word' id='word_1_140' title='bbox 1456 1557 1690 1598; x_wconf 85' lang='lat' dir='ltr'><strong>Corinthios</strong></span> <span class='ocrx_word' id='word_1_141' title='bbox 1720 1569 1780 1595; x_wconf 92' lang='lat' dir='ltr'><strong>rc-</strong></span> 
     </span>
     <span class='ocr_line' id='line_1_20' title="bbox 362 1620 1782 1673; baseline -0.001 -13"><span class='ocrx_word' id='word_1_142' title='bbox 362 1634 538 1660; x_wconf 81' lang='lat' dir='ltr'><strong>novasse</strong></span> <span class='ocrx_word' id='word_1_143' title='bbox 561 1634 680 1672; x_wconf 82' lang='lat' dir='ltr'><strong>agros</strong></span> <span class='ocrx_word' id='word_1_144' title='bbox 703 1622 872 1667; x_wconf 88' lang='lat' dir='ltr'><strong>deletos,</strong></span> <span class='ocrx_word' id='word_1_145' title='bbox 901 1634 951 1661; x_wconf 82' lang='lat' dir='ltr'><strong>ex</strong></span> <span class='ocrx_word' id='word_1_146' title='bbox 975 1635 1057 1672; x_wconf 90' lang='lat' dir='ltr'><strong>quo</strong></span> <span class='ocrx_word' id='word_1_147' title='bbox 1080 1622 1295 1673; x_wconf 85' lang='lat' dir='ltr'><strong>probabile</strong></span> <span class='ocrx_word' id='word_1_148' title='bbox 1317 1621 1417 1660; x_wconf 90' lang='lat' dir='ltr'><strong>mihi</strong></span> <span class='ocrx_word' id='word_1_149' title='bbox 1439 1621 1604 1661; x_wconf 88' lang='lat' dir='ltr'><strong>videtur</strong></span> <span class='ocrx_word' id='word_1_150' title='bbox 1627 1620 1782 1661; x_wconf 89' lang='lat' dir='ltr'><strong>Clidem</strong></span> 
     </span>
     <span class='ocr_line' id='line_1_21' title="bbox 361 1684 1783 1737; baseline -0.001 -14"><span class='ocrx_word' id='word_1_151' title='bbox 361 1685 532 1737; x_wconf 86' lang='lat' dir='ltr'><strong>eiusque</strong></span> <span class='ocrx_word' id='word_1_152' title='bbox 559 1684 665 1724; x_wconf 84' lang='lat' dir='ltr'><strong>filios</strong></span> <span class='ocrx_word' id='word_1_153' title='bbox 692 1708 745 1713; x_wconf 91' lang='lat'><strong>---</strong></span> <span class='ocrx_word' id='word_1_154' title='bbox 773 1689 819 1724; x_wconf 90' lang='lat' dir='ltr'><strong>ut</strong></span> <span class='ocrx_word' id='word_1_155' title='bbox 846 1685 930 1724; x_wconf 88' lang='lat' dir='ltr'><strong>sint</strong></span> <span class='ocrx_word' id='word_1_156' title='bbox 959 1685 1127 1724; x_wconf 87' lang='lat' dir='ltr'><strong>nomina</strong></span> <span class='ocrx_word' id='word_1_157' title='bbox 1156 1697 1253 1725; x_wconf 87' lang='lat' dir='ltr'><strong>vera</strong></span> <span class='ocrx_word' id='word_1_158' title='bbox 1280 1697 1413 1736; x_wconf 88' lang='lat' dir='ltr'><strong>neque</strong></span> <span class='ocrx_word' id='word_1_159' title='bbox 1439 1689 1647 1735; x_wconf 84' lang='lat' dir='ltr'><strong>corrupta,</strong></span> <span class='ocrx_word' id='word_1_160' title='bbox 1675 1696 1783 1735; x_wconf 88' lang='lat' dir='ltr'><strong>quae</strong></span> 
     </span>
     <span class='ocr_line' id='line_1_22' title="bbox 343 1737 1782 1799; baseline -0.001 -11"><span class='ocrx_word' id='word_1_161' title='bbox 343 1748 540 1789; x_wconf 89' lang='lat' dir='ltr'><strong>·libenter</strong></span> <span class='ocrx_word' id='word_1_162' title='bbox 555 1753 750 1799; x_wconf 85' lang='lat' dir='ltr'><strong>putemus</strong></span> <span class='ocrx_word' id='word_1_163' title='bbox 767 1749 878 1787; x_wconf 85' lang='lat' dir='ltr'><strong>—in</strong></span> <span class='ocrx_word' id='word_1_164' title='bbox 895 1761 1068 1788; x_wconf 90' lang='lat' dir='ltr'><strong>numero</strong></span> <span class='ocrx_word' id='word_1_165' title='bbox 1084 1749 1248 1787; x_wconf 89' lang='lat' dir='ltr'><strong>illorum</strong></span> <span class='ocrx_word' id='word_1_166' title='bbox 1264 1737 1401 1793; x_wconf 80' lang='lat' dir='ltr'><strong>fuisse,</strong></span> <span class='ocrx_word' id='word_1_167' title='bbox 1412 1760 1516 1799; x_wconf 88' lang='lat' dir='ltr'><strong>quos</strong></span> <span class='ocrx_word' id='word_1_168' title='bbox 1532 1748 1782 1786; x_wconf 82' lang='lat' dir='ltr'><strong>interfecerit</strong></span> 
     </span>
     <span class='ocr_line' id='line_1_23' title="bbox 360 1812 1782 1865; baseline -0.001 -13"><span class='ocrx_word' id='word_1_169' title='bbox 360 1813 569 1852; x_wconf 88' lang='lat' dir='ltr'><strong>Hercules.</strong></span> <span class='ocrx_word' id='word_1_170' title='bbox 587 1814 727 1865; x_wconf 88' lang='lat' dir='ltr'><strong>Atque</strong></span> <span class='ocrx_word' id='word_1_171' title='bbox 740 1813 910 1865; x_wconf 89' lang='lat' dir='ltr'><strong>perinde</strong></span> <span class='ocrx_word' id='word_1_172' title='bbox 922 1814 1195 1853; x_wconf 80' lang='lat' dir='ltr'><strong>statuendum</strong></span> <span class='ocrx_word' id='word_1_173' title='bbox 1204 1817 1268 1852; x_wconf 82' lang='lat' dir='ltr'><strong>est</strong></span> <span class='ocrx_word' id='word_1_174' title='bbox 1278 1812 1476 1851; x_wconf 87' lang='lat' dir='ltr'><strong>Ladicam</strong></span> <span class='ocrx_word' id='word_1_175' title='bbox 1484 1816 1526 1851; x_wconf 82' lang='lat' dir='ltr'><strong>et</strong></span> <span class='ocrx_word' id='word_1_176' title='bbox 1538 1812 1782 1852; x_wconf 84' lang='lat' dir='ltr'><strong>Charattam</strong></span> 
     </span>
     <span class='ocr_line' id='line_1_24' title="bbox 358 1876 1784 1929; baseline 0 -15"><span class='ocrx_word' id='word_1_177' title='bbox 358 1889 427 1915; x_wconf 90' lang='lat' dir='ltr'><strong>eos</strong></span> <span class='ocrx_word' id='word_1_178' title='bbox 459 1876 569 1916; x_wconf 89' lang='lat' dir='ltr'><strong>viros</strong></span> <span class='ocrx_word' id='word_1_179' title='bbox 601 1877 738 1923; x_wconf 77' lang='lat' dir='ltr'><strong>fuisse,</strong></span> <span class='ocrx_word' id='word_1_180' title='bbox 772 1878 843 1929; x_wconf 91' lang='lat' dir='ltr'><strong>qui</strong></span> <span class='ocrx_word' id='word_1_181' title='bbox 874 1878 953 1916; x_wconf 90' lang='lat' dir='ltr'><strong>illis</strong></span> <span class='ocrx_word' id='word_1_182' title='bbox 984 1877 1212 1916; x_wconf 83' lang='lat' dir='ltr'><strong>interfectis</strong></span> <span class='ocrx_word' id='word_1_183' title='bbox 1243 1876 1463 1928; x_wconf 88' lang='lat' dir='ltr'><strong>imperium</strong></span> <span class='ocrx_word' id='word_1_184' title='bbox 1494 1876 1616 1914; x_wconf 88' lang='lat' dir='ltr'><strong>huius</strong></span> <span class='ocrx_word' id='word_1_185' title='bbox 1645 1881 1784 1914; x_wconf 85' lang='lat' dir='ltr'><strong>terrae</strong></span> 
     </span>
     <span class='ocr_line' id='line_1_25' title="bbox 358 1941 1779 1993; baseline -0.001 -13"><span class='ocrx_word' id='word_1_186' title='bbox 358 1941 643 1984; x_wconf 88' lang='lat' dir='ltr'><strong>obtinuerunt.</strong></span> <span class='ocrx_word' id='word_1_187' title='bbox 676 1965 729 1971; x_wconf 86' lang='lat'>—</span> <span class='ocrx_word' id='word_1_188' title='bbox 765 1943 881 1993; x_wconf 76' lang='lat' dir='ltr'><strong>Quae</strong></span> <span class='ocrx_word' id='word_1_189' title='bbox 910 1942 961 1981; x_wconf 89' lang='lat' dir='ltr'><strong>de</strong></span> <span class='ocrx_word' id='word_1_190' title='bbox 991 1941 1206 1982; x_wconf 88' lang='lat' dir='ltr'><strong>Edonibus</strong></span> <span class='ocrx_word' id='word_1_191' title='bbox 1237 1941 1393 1992; x_wconf 80' lang='lat' dir='ltr'><strong>profert</strong></span> <span class='ocrx_word' id='word_1_192' title='bbox 1423 1941 1779 1992; x_wconf 82' lang='lat' dir='ltr'><strong>epistolographus</strong></span> 
     </span>
     <span class='ocr_line' id='line_1_26' title="bbox 365 2005 1779 2057; baseline 0 -14"><span class='ocrx_word' id='word_1_193' title='bbox 365 2006 488 2044; x_wconf 71' lang='grc' dir='ltr'>«ἀλλὰ</span> <span class='ocrx_word' id='word_1_194' title='bbox 517 2007 594 2057; x_wconf 83' lang='grc' dir='ltr'><strong>μὴν</strong></span> <span class='ocrx_word' id='word_1_195' title='bbox 621 2008 690 2044; x_wconf 78' lang='grc' dir='ltr'><strong>καὶ</strong></span> <span class='ocrx_word' id='word_1_196' title='bbox 717 2009 786 2052; x_wconf 83' lang='grc' dir='ltr'><strong>τὰς</strong></span> <span class='ocrx_word' id='word_1_197' title='bbox 814 2007 1017 2057; x_wconf 78' lang='grc' dir='ltr'><em>ὑπογυίους</em></span> <span class='ocrx_word' id='word_1_198' title='bbox 1035 2005 1304 2056; x_wconf 84' lang='grc' dir='ltr'>Ἀλεξάνδρου</span> <span class='ocrx_word' id='word_1_199' title='bbox 1335 2012 1404 2056; x_wconf 83' lang='grc' dir='ltr'><strong>τῆς</strong></span> <span class='ocrx_word' id='word_1_200' title='bbox 1438 2005 1619 2044; x_wconf 84' lang='grc' dir='ltr'>Ἠδωνῶν</span> <span class='ocrx_word' id='word_1_201' title='bbox 1647 2005 1779 2056; x_wconf 80' lang='grc' dir='ltr'>χώρας</span> 
     </span>
    </p>
   </div>
   <div class='ocr_carea' id='block_1_3' title="bbox 359 2086 616 2094">
    <p class='ocr_par' dir='ltr' id='par_1_4' title="bbox 359 2086 616 2094">
     <span class='ocr_line' id='line_1_27' title="bbox 359 2086 616 2094; baseline 0 1205"><span class='ocrx_word' id='word_1_202' title='bbox 359 2086 616 2094; x_wconf 95' lang='lat' dir='ltr'><strong> </strong></span> 
     </span>
    </p>
   </div>
   <div class='ocr_carea' id='block_1_4' title="bbox 356 2120 1784 2700">
    <p class='ocr_par' dir='ltr' id='par_1_5' title="bbox 357 2120 1783 2273">
     <span class='ocr_line' id='line_1_28' title="bbox 491 2120 1783 2165; baseline -0.002 -9"><span class='ocrx_word' id='word_1_203' title='bbox 491 2123 525 2160; x_wconf 90' lang='grc'><strong>1)</strong></span> <span class='ocrx_word' id='word_1_204' title='bbox 550 2124 717 2155; x_wconf 88' lang='lat' dir='ltr'><strong>Ceterum</strong></span> <span class='ocrx_word' id='word_1_205' title='bbox 742 2122 904 2156; x_wconf 87' lang='lat' dir='ltr'><strong>Herculis</strong></span> <span class='ocrx_word' id='word_1_206' title='bbox 936 2126 1095 2165; x_wconf 89' lang='lat' dir='ltr'><strong>posteros</strong></span> <span class='ocrx_word' id='word_1_207' title='bbox 1124 2122 1323 2155; x_wconf 71' lang='lat' dir='ltr'><strong>condidisse</strong></span> <span class='ocrx_word' id='word_1_208' title='bbox 1354 2122 1514 2164; x_wconf 83' lang='lat' dir='ltr'><strong>Spartam</strong></span> <span class='ocrx_word' id='word_1_209' title='bbox 1546 2120 1582 2153; x_wconf 88' lang='lat' dir='ltr'><strong>et</strong></span> <span class='ocrx_word' id='word_1_210' title='bbox 1606 2122 1721 2164; x_wconf 88' lang='lat' dir='ltr'><strong>Argos</strong></span> <span class='ocrx_word' id='word_1_211' title='bbox 1745 2124 1783 2154; x_wconf 87' lang='lat' dir='ltr'><strong>et</strong></span> 
     </span>
     <span class='ocr_line' id='line_1_29' title="bbox 361 2175 1782 2218; baseline -0.002 -10"><span class='ocrx_word' id='word_1_212' title='bbox 361 2185 555 2218; x_wconf 79' lang='lat' dir='ltr'><strong>occupasse</strong></span> <span class='ocrx_word' id='word_1_213' title='bbox 586 2175 890 2209; x_wconf 83' lang='lat' dir='ltr'><strong>Lacedaemonem</strong></span> <span class='ocrx_word' id='word_1_214' title='bbox 928 2178 964 2208; x_wconf 92' lang='lat' dir='ltr'><strong>et</strong></span> <span class='ocrx_word' id='word_1_215' title='bbox 991 2176 1179 2209; x_wconf 84' lang='lat' dir='ltr'><strong>Messenen</strong></span> <span class='ocrx_word' id='word_1_216' title='bbox 1210 2186 1254 2208; x_wconf 83' lang='lat' dir='ltr'><strong>ex</strong></span> <span class='ocrx_word' id='word_1_217' title='bbox 1284 2175 1441 2208; x_wconf 85' lang='lat' dir='ltr'><strong>Isocrate</strong></span> <span class='ocrx_word' id='word_1_218' title='bbox 1477 2176 1554 2218; x_wconf 89' lang='lat' dir='ltr'><strong>ipso</strong></span> <span class='ocrx_word' id='word_1_219' title='bbox 1589 2175 1782 2217; x_wconf 87' lang='lat' dir='ltr'><strong>accipimus</strong></span> 
     </span>
     <span class='ocr_line' id='line_1_30' title="bbox 357 2228 1134 2273; baseline 0 -11"><span class='ocrx_word' id='word_1_220' title='bbox 357 2230 588 2273; x_wconf 84' lang='lat' dir='ltr'><strong>(Panegynic.</strong></span> <span class='ocrx_word' id='word_1_221' title='bbox 615 2240 642 2262; x_wconf 88' lang='lat' dir='ltr'><strong>c.</strong></span> <span class='ocrx_word' id='word_1_222' title='bbox 661 2229 712 2262; x_wconf 90' lang='lat'><strong>16.</strong></span> <span class='ocrx_word' id='word_1_223' title='bbox 738 2228 937 2262; x_wconf 79' lang='lat' dir='ltr'><strong>Archidam.</strong></span> <span class='ocrx_word' id='word_1_224' title='bbox 963 2240 993 2261; x_wconf 88' lang='lat' dir='ltr'><strong>c.</strong></span> <span class='ocrx_word' id='word_1_225' title='bbox 1019 2229 1050 2262; x_wconf 87' lang='lat'><strong>7.</strong></span> <span class='ocrx_word' id='word_1_226' title='bbox 1066 2229 1134 2272; x_wconf 77' lang='lat'>11).</span> 
     </span>
    </p>

    <p class='ocr_par' dir='ltr' id='par_1_6' title="bbox 356 2281 1784 2647">
     <span class='ocr_line' id='line_1_31' title="bbox 490 2281 1782 2325; baseline -0.002 -10"><span class='ocrx_word' id='word_1_227' title='bbox 490 2284 525 2323; x_wconf 90' lang='grc'><strong>2)</strong></span> <span class='ocrx_word' id='word_1_228' title='bbox 550 2284 592 2314; x_wconf 92' lang='lat' dir='ltr'><strong>In</strong></span> <span class='ocrx_word' id='word_1_229' title='bbox 623 2293 759 2325; x_wconf 80' lang='lat' dir='ltr'><strong>paragr.</strong></span> <span class='ocrx_word' id='word_1_230' title='bbox 792 2283 812 2314; x_wconf 80' lang='grc' dir='ltr'><em>Ἴ</em></span> <span class='ocrx_word' id='word_1_231' title='bbox 845 2283 1151 2325; x_wconf 82' lang='lat' dir='ltr'><strong>epistolographus</strong></span> <span class='ocrx_word' id='word_1_232' title='bbox 1192 2282 1296 2315; x_wconf 88' lang='lat' dir='ltr'><strong>docet</strong></span> <span class='ocrx_word' id='word_1_233' title='bbox 1336 2282 1525 2315; x_wconf 85' lang='lat' dir='ltr'><strong>Herculem</strong></span> <span class='ocrx_word' id='word_1_234' title='bbox 1564 2281 1782 2314; x_wconf 84' lang='lat' dir='ltr'><strong>interfecisse</strong></span> 
     </span>
     <span class='ocr_line' id='line_1_32' title="bbox 357 2334 1782 2379; baseline -0.001 -11"><span class='ocrx_word' id='word_1_235' title='bbox 357 2336 478 2370; x_wconf 86' lang='lat' dir='ltr'><strong>Protei</strong></span> <span class='ocrx_word' id='word_1_236' title='bbox 508 2336 611 2375; x_wconf 81' lang='lat' dir='ltr'><strong>filios,</strong></span> <span class='ocrx_word' id='word_1_237' title='bbox 642 2346 794 2379; x_wconf 84' lang='lat' dir='ltr'><strong>quorum</strong></span> <span class='ocrx_word' id='word_1_238' title='bbox 824 2336 967 2368; x_wconf 80' lang='lat' dir='ltr'><strong>nomina</strong></span> <span class='ocrx_word' id='word_1_239' title='bbox 994 2340 1081 2369; x_wconf 85' lang='lat' dir='ltr'><strong>sunt</strong></span> <span class='ocrx_word' id='word_1_240' title='bbox 1117 2337 1256 2377; x_wconf 76' lang='grc' dir='ltr'><em>Τμῶλος</em></span> <span class='ocrx_word' id='word_1_241' title='bbox 1282 2339 1318 2368; x_wconf 90' lang='lat' dir='ltr'><strong>et</strong></span> <span class='ocrx_word' id='word_1_242' title='bbox 1352 2335 1547 2379; x_wconf 79' lang='grc' dir='ltr'><em>Τηλέγονος;</em></span> <span class='ocrx_word' id='word_1_243' title='bbox 1585 2334 1678 2368; x_wconf 85' lang='lat' dir='ltr'><strong>idem</strong></span> <span class='ocrx_word' id='word_1_244' title='bbox 1709 2334 1782 2366; x_wconf 82' lang='lat' dir='ltr'><strong>fere</strong></span> 
     </span>
     <span class='ocr_line' id='line_1_33' title="bbox 358 2388 1784 2433; baseline -0.003 -10"><span class='ocrx_word' id='word_1_245' title='bbox 358 2390 514 2423; x_wconf 80' lang='lat' dir='ltr'><strong>affirmat</strong></span> <span class='ocrx_word' id='word_1_246' title='bbox 545 2389 784 2433; x_wconf 89' lang='lat' dir='ltr'><strong>Apollodorus</strong></span> <span class='ocrx_word' id='word_1_247' title='bbox 816 2389 923 2428; x_wconf 88' lang='lat' dir='ltr'><strong>(Bibl.</strong></span> <span class='ocrx_word' id='word_1_248' title='bbox 958 2389 1036 2427; x_wconf 88' lang='lat'>115,</span> <span class='ocrx_word' id='word_1_249' title='bbox 1050 2391 1101 2431; x_wconf 86' lang='lat'><strong>9):</strong></span> <span class='ocrx_word' id='word_1_250' title='bbox 1135 2393 1169 2423; x_wconf 77' lang='grc' dir='ltr'><strong>ἐκ</strong></span> <span class='ocrx_word' id='word_1_251' title='bbox 1199 2390 1303 2423; x_wconf 80' lang='grc' dir='ltr'><em>Θάσου</em></span> <span class='ocrx_word' id='word_1_252' title='bbox 1332 2392 1369 2422; x_wconf 81' lang='grc' dir='ltr'><strong>δὲ</strong></span> <span class='ocrx_word' id='word_1_253' title='bbox 1400 2390 1552 2432; x_wconf 74' lang='grc' dir='ltr'><em>ὁρμηθεὶς</em></span> <span class='ocrx_word' id='word_1_254' title='bbox 1578 2389 1614 2430; x_wconf 79' lang='lat' dir='ltr'><strong>(i.</strong></span> <span class='ocrx_word' id='word_1_255' title='bbox 1640 2398 1670 2420; x_wconf 89' lang='lat' dir='ltr'><strong>e.</strong></span> <span class='ocrx_word' id='word_1_256' title='bbox 1696 2388 1784 2419; x_wconf 87' lang='lat' dir='ltr'><strong>Her-</strong></span> 
     </span>
     <span class='ocr_line' id='line_1_34' title="bbox 359 2442 1782 2486; baseline -0.002 -10"><span class='ocrx_word' id='word_1_257' title='bbox 359 2444 471 2485; x_wconf 83' lang='lat' dir='ltr'><strong>cules)</strong></span> <span class='ocrx_word' id='word_1_258' title='bbox 495 2445 545 2476; x_wconf 80' lang='grc' dir='ltr'><strong>ἐπὶ</strong></span> <span class='ocrx_word' id='word_1_259' title='bbox 572 2444 738 2485; x_wconf 79' lang='grc' dir='ltr'><em>Τορώνην,</em></span> <span class='ocrx_word' id='word_1_260' title='bbox 765 2443 952 2485; x_wconf 75' lang='grc' dir='ltr'><em>Πολύγωνον</em></span> <span class='ocrx_word' id='word_1_261' title='bbox 973 2445 1022 2475; x_wconf 77' lang='grc' dir='ltr'><strong>καὶ</strong></span> <span class='ocrx_word' id='word_1_262' title='bbox 1047 2443 1228 2486; x_wconf 71' lang='grc' dir='ltr'><em>Τηλέγονον</em></span> <span class='ocrx_word' id='word_1_263' title='bbox 1252 2445 1329 2476; x_wconf 75' lang='grc' dir='ltr'><em>τοὺς</em></span> <span class='ocrx_word' id='word_1_264' title='bbox 1353 2442 1513 2485; x_wconf 74' lang='grc' dir='ltr'><em>Πρωτέως</em></span> <span class='ocrx_word' id='word_1_265' title='bbox 1535 2443 1640 2474; x_wconf 80' lang='grc' dir='ltr'><em>υἱοὺς.</em></span> <span class='ocrx_word' id='word_1_266' title='bbox 1656 2465 1664 2473; x_wconf 91' lang='grc'><strong>.</strong></span> <span class='ocrx_word' id='word_1_267' title='bbox 1679 2464 1687 2473; x_wconf 82' lang='grc'><strong>.</strong></span> <span class='ocrx_word' id='word_1_268' title='bbox 1702 2443 1782 2473; x_wconf 80' lang='grc' dir='ltr'><em>κατὰ</em></span> 
     </span>
     <span class='ocr_line' id='line_1_35' title="bbox 357 2495 1781 2541; baseline -0.003 -11"><span class='ocrx_word' id='word_1_269' title='bbox 357 2500 415 2541; x_wconf 85' lang='grc' dir='ltr'><strong>τὴν</strong></span> <span class='ocrx_word' id='word_1_270' title='bbox 438 2498 538 2541; x_wconf 77' lang='grc' dir='ltr'><em>πάλην</em></span> <span class='ocrx_word' id='word_1_271' title='bbox 563 2499 750 2535; x_wconf 79' lang='grc' dir='ltr'><em>ἀπέκτεινεν,</em></span> <span class='ocrx_word' id='word_1_272' title='bbox 774 2496 834 2529; x_wconf 89' lang='lat' dir='ltr'><strong>ubi</strong></span> <span class='ocrx_word' id='word_1_273' title='bbox 850 2496 963 2528; x_wconf 82' lang='lat' dir='ltr'><strong>Tmoli</strong></span> <span class='ocrx_word' id='word_1_274' title='bbox 981 2506 1107 2529; x_wconf 89' lang='lat' dir='ltr'><strong>nomen</strong></span> <span class='ocrx_word' id='word_1_275' title='bbox 1132 2507 1214 2530; x_wconf 88' lang='lat' dir='ltr'><strong>cum</strong></span> <span class='ocrx_word' id='word_1_276' title='bbox 1229 2495 1403 2540; x_wconf 77' lang='lat' dir='ltr'><strong>Polygoni</strong></span> <span class='ocrx_word' id='word_1_277' title='bbox 1421 2497 1680 2528; x_wconf 88' lang='lat' dir='ltr'><strong>commutatum</strong></span> <span class='ocrx_word' id='word_1_278' title='bbox 1704 2504 1781 2527; x_wconf 83' lang='lat' dir='ltr'><strong>esse</strong></span> 
     </span>
     <span class='ocr_line' id='line_1_36' title="bbox 357 2547 1781 2592; baseline -0.003 -8"><span class='ocrx_word' id='word_1_279' title='bbox 357 2551 532 2584; x_wconf 89' lang='lat' dir='ltr'><strong>videmus.</strong></span> <span class='ocrx_word' id='word_1_280' title='bbox 565 2550 636 2583; x_wconf 81' lang='lat' dir='ltr'><strong>Sed</strong></span> <span class='ocrx_word' id='word_1_281' title='bbox 665 2551 772 2582; x_wconf 80' lang='lat' dir='ltr'><strong>etiam</strong></span> <span class='ocrx_word' id='word_1_282' title='bbox 796 2550 987 2583; x_wconf 80' lang='lat' dir='ltr'><strong>scholiasta</strong></span> <span class='ocrx_word' id='word_1_283' title='bbox 1016 2550 1061 2582; x_wconf 89' lang='lat' dir='ltr'><strong>ad</strong></span> <span class='ocrx_word' id='word_1_284' title='bbox 1094 2550 1342 2592; x_wconf 82' lang='lat' dir='ltr'><strong>Lycophronis</strong></span> <span class='ocrx_word' id='word_1_285' title='bbox 1371 2547 1611 2580; x_wconf 85' lang='lat' dir='ltr'><strong>Alexandram</strong></span> <span class='ocrx_word' id='word_1_286' title='bbox 1640 2549 1688 2587; x_wconf 82' lang='lat' dir='ltr'><strong>(V.</strong></span> <span class='ocrx_word' id='word_1_287' title='bbox 1720 2549 1781 2580; x_wconf 86' lang='lat'><strong>124</strong></span> 
     </span>
     <span class='ocr_line' id='line_1_37' title="bbox 356 2600 1611 2647; baseline -0.004 -9"><span class='ocrx_word' id='word_1_288' title='bbox 356 2607 448 2638; x_wconf 75' lang='grc' dir='ltr'><em>τέκνα</em></span> <span class='ocrx_word' id='word_1_289' title='bbox 471 2606 508 2637; x_wconf 82' lang='grc' dir='ltr'><strong>δὲ</strong></span> <span class='ocrx_word' id='word_1_290' title='bbox 531 2616 589 2636; x_wconf 81' lang='grc' dir='ltr'><em>του</em></span> <span class='ocrx_word' id='word_1_291' title='bbox 615 2603 784 2646; x_wconf 79' lang='grc' dir='ltr'><strong><em>Πρώτεως,</em></strong></span> <span class='ocrx_word' id='word_1_292' title='bbox 812 2603 950 2643; x_wconf 81' lang='grc' dir='ltr'><em>Τμῶλος</em></span> <span class='ocrx_word' id='word_1_293' title='bbox 970 2604 1020 2636; x_wconf 72' lang='grc' dir='ltr'><strong>καὶ</strong></span> <span class='ocrx_word' id='word_1_294' title='bbox 1047 2603 1241 2647; x_wconf 79' lang='grc' dir='ltr'><em>Τηλεγόνος)</em></span> <span class='ocrx_word' id='word_1_295' title='bbox 1266 2601 1468 2642; x_wconf 81' lang='lat' dir='ltr'><strong>„Tmolum“</strong></span> <span class='ocrx_word' id='word_1_296' title='bbox 1494 2600 1611 2633; x_wconf 81' lang='lat' dir='ltr'><strong>habet.</strong></span> 
     </span>
    </p>

    <p class='ocr_par' dir='ltr' id='par_1_7' title="bbox 485 2655 1779 2700">
     <span class='ocr_line' id='line_1_38' title="bbox 485 2655 1779 2700; baseline 0 -10"><span class='ocrx_word' id='word_1_297' title='bbox 485 2657 521 2699; x_wconf 84' lang='lat'><strong>3)</strong></span> <span class='ocrx_word' id='word_1_298' title='bbox 546 2668 575 2691; x_wconf 88' lang='lat' dir='ltr'><strong>c.</strong></span> <span class='ocrx_word' id='word_1_299' title='bbox 594 2658 624 2690; x_wconf 84' lang='lat'><strong>4.</strong></span> <span class='ocrx_word' id='word_1_300' title='bbox 650 2656 720 2690; x_wconf 88' lang='lat' dir='ltr'><strong>vid.</strong></span> <span class='ocrx_word' id='word_1_301' title='bbox 746 2656 843 2690; x_wconf 58' lang='grc' dir='ltr'><strong>ΓΗΘ(</strong></span> <span class='ocrx_word' id='word_1_302' title='bbox 859 2656 908 2691; x_wconf 94' lang='lat' dir='ltr'><strong>IV</strong></span> <span class='ocrx_word' id='word_1_303' title='bbox 933 2656 997 2690; x_wconf 86' lang='lat'><strong>343</strong></span> <span class='ocrx_word' id='word_1_304' title='bbox 1007 2667 1057 2700; x_wconf 85' lang='lat' dir='ltr'><strong>sq.</strong></span> <span class='ocrx_word' id='word_1_305' title='bbox 1083 2657 1123 2691; x_wconf 83' lang='lat' dir='ltr'><strong>C.</strong></span> <span class='ocrx_word' id='word_1_306' title='bbox 1144 2657 1186 2691; x_wconf 78' lang='lat' dir='ltr'><strong>G.</strong></span> <span class='ocrx_word' id='word_1_307' title='bbox 1213 2656 1436 2697; x_wconf 90' lang='lat' dir='ltr'><strong>Boehnecke,</strong></span> <span class='ocrx_word' id='word_1_308' title='bbox 1460 2655 1483 2688; x_wconf 93' lang='lat' dir='ltr'><strong>l.</strong></span> <span class='ocrx_word' id='word_1_309' title='bbox 1507 2665 1537 2689; x_wconf 85' lang='lat' dir='ltr'><strong>c.</strong></span> <span class='ocrx_word' id='word_1_310' title='bbox 1562 2666 1594 2698; x_wconf 88' lang='lat' dir='ltr'><strong>p.</strong></span> <span class='ocrx_word' id='word_1_311' title='bbox 1612 2656 1676 2690; x_wconf 83' lang='lat'><strong>472</strong></span> <span class='ocrx_word' id='word_1_312' title='bbox 1698 2656 1779 2690; x_wconf 87' lang='lat' dir='ltr'><strong>adn·</strong></span> 
     </span>
    </p>
   </div>
  </div>
 </body>
</html>
