2138 3299
900 284 1165 325 -91-

319 415 390 465 οὐχ
417 414 468 460 ὡς
495 415 612 465 πατρὶ
639 415 718 452 ὄντι
743 435 797 442 -
823 411 881 452 sic
908 411 1066 464 egregie
1092 411 1333 453 emendavit
1355 411 1492 452 Ritter
1513 412 1732 452 lectionem

317 477 429 517 haud
449 477 654 523 idoneam,
685 488 813 528 quam
831 475 1114 528 manuscripta
1133 475 1332 516 exhibent
1350 477 1508 528 πάτριον
1528 500 1581 505 —
1600 477 1731 529 ἐχαρί-

319 555 376 582 σω
395 542 448 583 ad
467 540 675 582 neminem
693 540 820 580 alium
837 539 914 580 nisi
932 540 986 581 ad
1002 540 1279 593 Speusippum
1296 541 1508 582 referenda
1524 553 1613 580 esse
1629 541 1730 581 mihi

321 606 605 657 persuadetur.
638 628 692 634 —
723 604 874 646 Omnia
905 617 1014 657 quae
1044 604 1089 644 in
1118 605 1197 644 hac
1228 604 1407 656 epistula
1437 606 1642 658 leguntur,
1676 606 1730 646 ad

320 669 569 722 Dionysium
593 673 637 709 et
668 669 944 722 Speusippum
971 668 1128 721 optime
1155 670 1468 711 accommodata
1494 673 1604 709 sunt.
1670 670 1730 710 Ac

317 746 480 774 summo
500 733 587 773 iure
608 733 820 785 Dionysio,
845 733 1063 785 Speusippi
1083 732 1376 780 inimicissimo,
1398 732 1603 772 irrisiones
1622 734 1729 773 salu-

318 798 436 838 tandi
455 798 773 848 formularum1)‚
794 797 1100 849 obiurgationes
1119 797 1253 838 dictas
1273 797 1317 836 in
1334 797 1497 836 scholae
1516 797 1729 838 Academi-

317 874 390 901 cae
401 861 660 913 disciplinam
672 865 716 901 et
728 860 1024 907 institutiones,
1035 861 1116 900 alia
1129 861 1318 902 addicere
1332 873 1561 912 possumus.
1579 862 1730 901 Facete

319 925 479 967 dictum
501 938 666 979 quoque
688 926 740 967 de
762 925 1095 967 Lacedaemoniis
1122 924 1380 977 Jonibusque
1402 925 1653 978 quibusdam
1675 926 1728 966 ad

317 1003 454 1042 regem
485 990 727 1037 Siculorum,
756 990 828 1042 qui
858 989 1277 1031 Lacedaemoniorum
1304 994 1395 1028 erat
1423 990 1592 1036 amicus,
1623 991 1729 1030 bene

318 1053 524 1094 convenit.

451 1117 656 1158 Nimirum
690 1118 869 1169 epistula
904 1121 966 1163 36,
1003 1130 1111 1169 quae
1144 1118 1393 1168 respondeat
1427 1117 1629 1169 epistulae
1664 1120 1728 1163 35,

318 1185 414 1233 post
441 1182 548 1221 hanc
575 1181 731 1233 scripta
757 1193 844 1221 esse
870 1184 1074 1227 sumetur;
1103 1181 1175 1221 sed
1203 1181 1372 1233 quando
1399 1180 1600 1222 conscribi
1628 1180 1730 1220 ficta

316 1245 372 1284 sit
390 1244 569 1297 epistula
590 1245 687 1294 36²),
720 1249 911 1285 accurate
936 1249 1063 1297 atque
1083 1244 1297 1297 diligenter
1327 1244 1657 1285 circumscribere
1685 1249 1728 1284 et

318 1309 491 1352 definire
521 1309 700 1351 multum
729 1309 858 1350 habet
888 1308 1162 1356 difficultatis,
1194 1308 1292 1361 quia
1322 1321 1406 1349 non
1434 1312 1547 1349 certo
1576 1308 1727 1350 scimus

316 1376 370 1415 ad
385 1378 527 1414 utrum
540 1378 730 1426 spectent
744 1373 931 1425 Dionysii
947 1374 1086 1420 verba,
1102 1386 1210 1425 quae
1224 1373 1366 1412 fecerit
1380 1374 1432 1414 de
1445 1373 1728 1425 philosophiae

318 1439 451 1479 abusu
471 1442 515 1478 et
536 1438 683 1478 litteris
705 1438 809 1478 falso
831 1437 1018 1491 cognitis,
1042 1439 1095 1479 ad
1118 1438 1335 1478 Platonem
1357 1451 1412 1477 an
1436 1437 1723 1490 Speusippum.

321 1503 442 1554 Quod
460 1502 661 1554 epistulae
680 1506 824 1541 auctor
852 1515 949 1542 usus
977 1506 1041 1541 est
1057 1502 1192 1542 verbis
1221 1503 1253 1542 εἰ
1270 1503 1322 1554 μὴ
1340 1504 1461 1551 ἔσται,
1490 1502 1542 1541 de
1560 1514 1609 1541 eo
1637 1502 1726 1541 viro

316 1566 584 1619 cogitandum
613 1578 713 1612 esse,
745 1565 817 1618 qui
846 1565 891 1605 in
919 1565 997 1605 illis
1026 1565 1257 1606 rationibus
1288 1566 1489 1617 peccavit,
1521 1565 1724 1606 existimo.

317 1630 420 1671 Inde
436 1633 622 1682 apparet,
647 1629 681 1668 si
697 1642 841 1669 earum
856 1642 964 1682 quae
979 1629 1083 1669 vitio
1100 1642 1243 1669 versae
1257 1634 1356 1669 sunt
1372 1642 1509 1670 rerum
1524 1630 1729 1682 quasdam

315 1694 528 1736 referimus
545 1694 599 1736 ad
616 1694 847 1742 Platonem,
866 1694 984 1737 nobis
1000 1694 1271 1735 statuendum
1289 1707 1377 1734 esse
1392 1694 1614 1746 epistulam
1631 1698 1729 1735 ante

315 1811 353 1834 se
382 1802 497 1843 ipsum
529 1801 579 1833 ita
609 1801 808 1834 nominasse
838 1802 897 1842 (ut
928 1801 1135 1843 Dionysium
1173 1801 1291 1843 Φοίβου
1318 1802 1515 1843 βλαστόντα)
1555 1811 1728 1844 nusquam

314 1855 395 1887 alibi
420 1853 520 1886 tradi.

444 1909 476 1948 1)
506 1907 617 1941 Verba
643 1908 726 1950 λέγω
757 1910 797 1952 δή
827 1920 877 1941 σοι
905 1908 942 1941 εὖ
971 1910 1127 1951 πράττειν,
1155 1910 1185 1941 εἰ
1208 1908 1272 1952 dou
1301 1909 1400 1942 τοῦτό
1430 1911 1497 1942 ἐστι
1526 1910 1583 1942 τοῦ
1604 1911 1728 1952 χαῲειν

314 1961 449 2002 ἄμεινον,
472 1963 518 1995 ὡς
539 1963 595 1995 οὐκ
616 1962 701 1995 ἔστιν
714 1973 720 1981 ·
733 1962 812 1994 ἀλλὰ
834 1965 879 2004 τῷ
899 1963 959 2002 μὲν
981 1963 1117 2004 ἥδεσθαι
1140 1963 1167 1995 ὦ
1191 1962 1228 1995 Λ.
1253 1964 1303 1995 καὶ
1326 1964 1527 1996 Σπεύσιππος
1541 1968 1660 2006 χρῆται
1682 1962 1727 1995 ad

315 2014 499 2047 Platonem
533 2014 592 2057 (cf.
619 2025 672 2058 ep.
697 2015 787 2047 Plat.
814 2015 834 2046 3
862 2015 938 2047 init.
970 2015 1128 2057 aliosque
1158 2015 1270 2054 locos)
1295 2016 1430 2054 {melius
1461 2015 1727 2048 accommodata

318 2068 493 2108 videntur,
518 2069 577 2111 qui
600 2069 756 2102 scribens
779 2069 844 2101 hac
866 2079 953 2101 usus
974 2068 1023 2102 sit
1045 2067 1205 2100 formula.
1231 2068 1286 2101 Fr.
1301 2068 1465 2110 Mullach,
1492 2069 1571 2112 Frg.
1593 2069 1723 2102 Philos.

314 2132 431 2163 graec.
455 2122 510 2154 III
536 2133 569 2164 p.
587 2123 629 2154 66
651 2122 875 2154 Lastheniam
908 2125 945 2153 et
973 2122 1215 2164 Speusippum,
1246 2132 1325 2154 cum
1355 2122 1525 2163 epistulas
1548 2123 1724 2164 conscrip-

315 2175 454 2214 sissent,
483 2185 520 2207 re
543 2185 626 2208 vera
650 2175 757 2213 illam,
783 2185 872 2218 quae
893 2175 961 2208 hoc
983 2175 1062 2207 loco
1087 2177 1389 2214 commemoratur,
1419 2174 1606 2207 formulam
1629 2175 1725 2208 adhi-

315 2228 433 2260 buisse
456 2229 617 2261 coniecit.
641 2228 721 2260 Mea
743 2231 862 2261 autem
886 2229 1064 2262 sententia
1087 2239 1157 2260 non
1179 2228 1276 2260 aliud
1299 2232 1405 2270 atque
1421 2228 1607 2271 Speusippi
1628 2230 1725 2271 cupi-

315 2280 462 2313 ditatem
476 2281 503 2313 si
506 2280 675 2323 gnificare
689 2281 767 2314 vult
775 2281 1092 2324 epistolographus‚
1101 2292 1162 2324 pro
1165 2283 1298 2324 χαίρειν,
1307 2281 1402 2324 quod
1409 2282 1554 2321 mavult,
1562 2281 1725 2316 adferens

314 2344 439 2367 vocem
461 2336 607 2378 ἥδεσθαι.
638 2334 706 2367 Per
727 2335 917 2367 ludibrium
939 2335 1047 2368 adicit
1070 2336 1160 2368 hanc
1181 2335 1225 2367 ad
1249 2345 1352 2368 usum
1377 2345 1481 2367 suum
1505 2336 1725 2369 convertisse

316 2388 566 2432 Speusippum;
593 2398 706 2432 neque
728 2399 813 2422 vero
837 2388 904 2422 dici
927 2392 1046 2433 potest
1068 2399 1149 2422 eum
1174 2399 1327 2432 unquam
1348 2389 1383 2421 in
1407 2389 1558 2432 epistula
1583 2400 1725 2434 compo-

314 2442 429 2475 nenda
445 2443 512 2476 hac
526 2443 704 2476 salutandi
719 2443 869 2476 formula
886 2454 990 2477 usum
1006 2454 1099 2481 esse:
1125 2443 1167 2476 cf.
1187 2444 1291 2476 etiam
1311 2444 1355 2475 H.
1373 2443 1519 2483 Usener,
1544 2444 1725 2487 Epicurea,

316 2507 349 2538 p.
369 2496 442 2528 131.

443 2550 478 2590 2)
501 2548 628 2589 Bitter,
651 2561 684 2593 p.
702 2551 765 2584 396
795 2551 980 2594 epistulam
1010 2550 1052 2583 36
1080 2551 1244 2593 scriptam
1276 2550 1368 2595 fingi
1398 2551 1491 2584 inter
1520 2562 1631 2585 annos
1663 2552 1725 2585 347

314 2605 353 2635 et
372 2602 434 2635 343
457 2607 587 2635 censet.
