2138 3299
942 317 1226 356 —102—

382 445 604 498 imperium
630 446 797 487 omnino
823 458 908 484 non
931 448 1190 484 tractaverat
1215 468 1268 474 —
1293 445 1344 484 ci.
1373 458 1481 497 quae
1500 446 1796 486 adnotavimus

379 523 418 562 p.
456 513 530 550 100
556 533 610 538 —
637 521 748 549 nova
768 508 956 560 Dionysii
984 508 1115 548 verba
1136 508 1534 549 commemoravisse.
1576 509 1796 550 Ptaeterea

382 576 426 615 in
443 575 624 626 epistula
644 578 694 614 36
715 574 826 613 Socr.
849 574 1073 625 Dionysius
1089 574 1131 612 II
1156 596 1210 602 —
1235 573 1424 625 Dionysii
1443 574 1608 614 maioris
1626 587 1794 613 consue-

378 639 525 679 tudine
547 637 803 690 Speusippus
831 649 1057 690 nunquam,
1094 640 1142 676 ut
1160 636 1338 684 videtur,
1371 650 1470 677 usus
1488 641 1577 677 erat
1603 661 1657 667 —
1682 638 1734 678 de
1752 650 1796 678 se

378 704 467 754 ipso
486 703 606 743 dicit:
629 705 698 742 καὶ
725 703 863 750 τᾶλλα,
893 705 969 742 ὅσα
999 705 1061 742 ἐπὶ
1089 704 1141 754 τῷ
1170 703 1331 754 γαρότᾳ,
1360 705 1448 754 περὶ
1477 705 1519 742 οὔ
1541 705 1589 742 σὺ
1617 706 1795 756 εὐμαρῶς

379 771 444 808 ἅτε
476 769 592 820 σοφὸς
620 769 672 807 ὢν
703 767 959 820 ἐξηπατήθης
994 768 1044 814 ὡς
1074 769 1196 819 ἔγωγε
1225 767 1424 820 ὠνόμασα.
1483 766 1591 806 Hinc
1620 771 1794 819 apparet

378 846 454 872 nos
470 836 543 871 aut
560 832 760 884 Dionysio
779 833 821 871 II
847 832 1084 873 adiudicare
1099 832 1200 870 haec
1215 844 1326 871 nova
1338 832 1468 871 verba
1484 835 1557 871 aut
1573 832 1796 872 concedere

378 897 507 937 etiam
528 897 605 936 hoc
626 897 716 936 loco
744 896 922 936 alterum
944 896 1191 947 Dionysium
1219 907 1294 946 pro
1322 896 1453 935 altero
1473 900 1673 937 vocatum
1693 909 1792 936 esse.

512 960 681 1000 Novum
716 960 928 1010 exemplar
964 961 1136 1010 praebet
1169 961 1529 1010 epistolographus
1566 961 1796 1000 admiscens

376 1025 506 1066 verba
535 1026 779 1076 καρποτόκον
809 1026 872 1064 τὸν
894 1031 1010 1077 μῆνα,
1040 1027 1096 1064 ὅτι
1125 1026 1277 1076 καρπὸς
1305 1026 1345 1064 ἐν
1376 1027 1478 1077 αὐτῷ
1507 1026 1661 1077 γίνεται.
1692 1026 1796 1065 Cum

379 1090 493 1141 apud
513 1102 656 1129 omnes
675 1089 906 1140 scriptores
931 1089 1002 1140 qui
1016 1089 1138 1128 huius
1158 1089 1269 1129 modi
1289 1088 1480 1139 exempla
1499 1088 1693 1135 afferunt,
1718 1089 1795 1128 hoc

380 1168 466 1194 non
484 1154 655 1205 legatur,
681 1153 842 1204 opinari
863 1153 959 1192 licet
975 1153 1359 1204 epistolographum
1372 1153 1441 1192 vel
1460 1153 1686 1205 inspexisse
1706 1154 1795 1193 ion-

379 1222 467 1259 tem
491 1217 715 1270 proprium,
745 1217 900 1270 quippe
924 1217 979 1258 ad
1002 1217 1086 1258 duo
1111 1217 1192 1256 alia
1216 1230 1323 1269 quae
1343 1222 1639 1258 commemorat
1664 1219 1796 1269 magis

379 1287 480 1323 nota
501 1282 615 1322 nulla
634 1282 764 1321 verba
786 1282 1004 1327 addiderit,
1029 1282 1098 1321 vel
1117 1282 1246 1320 stulte
1267 1282 1344 1320 hoc
1365 1282 1710 1333 excogitavissel).

513 1348 669 1392 Cetera,
698 1359 806 1398 quae
831 1346 874 1385 in
898 1346 1077 1397 epistula
1104 1349 1153 1385 35
1179 1346 1231 1386 de
1255 1345 1454 1397 Dionysio
1480 1350 1711 1392 narrantur,
1742 1347 1796 1385 ad

382 1411 629 1461 Dionysium
655 1410 857 1449 minorem
883 1410 1041 1460 optime
1067 1413 1255 1460 spectare
1280 1410 1365 1449 iam
1383 1410 1692 1461 explicavimus,
1723 1411 1795 1462 qui

378 1487 479 1527 puer
494 1478 537 1514 et
554 1474 716 1513 iuvenis
732 1473 898 1515 delicias
917 1473 1064 1513 habuit
1085 1473 1128 1512 in
1143 1473 1410 1515 conficiendis
1425 1474 1618 1524 operibus
1634 1475 1795 1513 mecha-

378 1540 525 1589 nicis2),
558 1543 605 1577 ut
625 1538 755 1576 etiam
773 1538 817 1576 in
836 1538 1087 1578 dimittendo
1118 1538 1267 1590 ἁμαξίῳ
1289 1540 1491 1591 αὐτομάτῳ
1521 1539 1794 1590 περιτρέχοντι.

378 1604 526 1649 Verba,
560 1615 668 1654 quae
696 1606 937 1654 sequuntur,
970 1624 1023 1630 —
1053 1601 1190 1640 Ritter
1221 1604 1275 1652 (p.
1296 1605 1389 1651 390)
1419 1606 1517 1641 ante
1545 1603 1796 1655 θεοφιλήτους

377 1669 597 1720 legendum
616 1667 832 1718 proposuit
854 1667 1068 1719 ἐπηβόλους
1087 1667 1315 1719 γενομένους
1333 1690 1387 1696 ——
1405 1667 1552 1707 itidem
1571 1668 1624 1708 ab
1644 1667 1795 1718 episto-

377 1733 575 1784 lographo
610 1744 683 1783 per
716 1731 942 1772 ludibrium
977 1731 1168 1772 adhibita
1202 1743 1290 1770 esse
1323 1731 1533 1771 videntur.
1573 1731 1615 1771 Si
1650 1735 1796 1783 postea

377 1796 617 1837 Echecratis
652 1796 810 1836 mentio
840 1795 900 1841 fit,
941 1795 1071 1835 etiam
1099 1808 1204 1841 eum,
1245 1795 1362 1835 cuius
1394 1809 1546 1836 nomen
1574 1809 1659 1836 non
1684 1800 1796 1835 recte

376 1864 593 1900 servatum
611 1873 700 1899 esse
718 1860 897 1905 videtur,
930 1859 974 1898 in
994 1872 1165 1899 numero
1186 1860 1414 1900 amicorum
1435 1860 1620 1900 Platonis
1640 1860 1794 1900 haben—

375 1925 480 1966 dum
507 1925 634 1964 fuisse
662 1924 856 1974 cense03).

375 2004 456 2033 uter
469 2000 668 2043 appellatus
682 2002 787 2039 esset,
804 2000 854 2031 ita
865 2000 1052 2042 utriusque
1066 1999 1230 2043 Dionysii
1243 2000 1475 2034 commutatio
1488 2000 1524 2032 in
1538 2009 1642 2033 omne
1655 2002 1796 2043 tempus

376 2054 607 2097 permanebit.

506 2107 541 2148 1)
564 2107 645 2140 vide
668 2108 776 2140 etiam
802 2106 930 2147 Obens,
954 2118 986 2150 p.
1002 2107 1054 2140 42.

506 2162 541 2199 2)
566 2160 658 2192 Plut.
684 2161 747 2193 vit.
773 2161 877 2193 Dion.
905 2171 934 2193 o.
952 2161 988 2193 9:
1015 2163 1033 2193 ὁ
1058 2163 1161 2203 πατὴρ
1185 2153 1339 2203 ἐφρούρει
1372 2160 1546 2203 <αὐτὸν>
1579 2162 1797 2194 κατάκλειστον

375 2215 455 2247 οἴκοι
478 2214 516 2246 δι’
542 2216 673 2257 ἐρημίαν
693 2215 814 2253 ὁμιλίας
835 2215 950 2256 ἑτέρας
970 2215 1019 2246 καὶ
1042 2216 1166 2257 ἀπειρίᾳ
1182 2216 1385 2257 πραγμάτων,
1411 2215 1458 2248 ὥς
1477 2227 1582 2256 φασιν,
1605 2216 1725 2255 ἁμάξια
1747 2216 1797 2248 καὶ

375 2269 504 2309 λυχνίας
526 2268 576 2300 καὶ
609 2269 744 2310 δίφρους
772 2268 916 2304 Ξυλίνους
944 2269 995 2300 καὶ
1024 2270 1182 2310 τραπέζας
1206 2269 1451 2308 τεκταινόμενον.
1497 2267 1616 2300 Etiam
1640 2278 1729 2311 quae
1753 2268 1796 2302 de

375 2322 470 2354 dono
483 2321 677 2354 Tarentum
693 2321 800 2353 misso
815 2320 962 2353 tradunt
977 2321 1183 2354 Athenaeus
1199 2321 1262 2355 XV
1278 2320 1383 2355 700D
1401 2324 1438 2354 et
1453 2321 1554 2355 Plato
1571 2331 1626 2365 ep.
1645 2322 1665 2355 7
1680 2322 1744 2356 399
1753 2323 1796 2373 D,

376 2375 549 2419 quadrant
572 2375 618 2408 ad
642 2375 734 2409 hanc
757 2385 842 2408 rem.
1375 2385 1378 2388 ·

505 2430 539 2470 3)
564 2429 807 2471 Manuscripta
830 2428 1001 2471 praebent
1024 2429 1147 2468 (etiam
1171 2428 1284 2462 codex
1300 2429 1495 2462 Vaticanus
1511 2429 1583 2469 64):
1608 2431 1797 2472 ἀπόπεμψον

373 2496 428 2524 μοι
448 2485 522 2523 μίαν
535 2484 678 2525 μοιριδος
696 2484 746 2516 καὶ
763 2482 972 2525 Ἐχεκράτους
986 2484 1166 2524 πυθόμενος
1180 2485 1239 2517 τὰς
1252 2484 1321 2526 περὶ
1343 2484 1443 2526 (παρὰ
1458 2484 1610 2525 Διονυσίῳ
1624 2483 1796 2524 Hereher)

376 2539 540 2570 Διονυσίου
564 2538 743 2569 συνουσίας.
770 2535 824 2568 De
847 2535 1004 2568 Moeride
1020 2536 1185 2578 quodam,
1210 2537 1269 2579 qui
1284 2537 1349 2568 hac
1373 2538 1491 2568 aetate
1506 2535 1621 2575 fuerit,
1641 2536 1692 2568 nil
1715 2546 1797 2569 con-

375 2592 460 2629 stat,
482 2589 552 2621 nisi
577 2588 621 2620 de
644 2598 687 2620 eo
712 2589 870 2630 loquitur
894 2589 1060 2631 Hyginus
1085 2588 1276 2630 (fab.-257),
1306 2589 1367 2632 qui
1389 2588 1549 2621 Moerum
1572 2591 1611 2621 et
1632 2588 1796 2621 Selinun-

376 2643 467 2675 tium
490 2642 721 2676 amicissimos
746 2641 826 2676 illos
840 2641 1108 2685 significaverit,
1131 2653 1220 2686 quos
1236 2643 1325 2676 bene
1344 2642 1463 2676 valere
1485 2642 1580 2686 apud
1593 2645 1794 2687 tyrannum,
