2138 3299
992 353 1258 394 ...34-

523 489 598 521 τῶν
640 482 821 521 ἐναντίων
874 483 956 533 ζωῇ
1000 483 1107 529 εἶναι,
1150 483 1246 520 ὅπου
1294 481 1527 533 βλάπτονται
1562 480 1753 531 ὑπἀὐτῆς
1799 482 1834 520 οἱ

525 547 675 594 ζῶντες.

416 622 480 662 ep.
501 610 554 650 22
583 612 608 660 §
633 611 648 650 l
683 612 732 662 ἦν
762 611 886 662 λόγος,
916 612 972 649 ὅτι
1000 610 1162 660 πένητος
1190 609 1476 661 πλουσιώτερον
1505 611 1616 648 οὐδὲν
1647 610 1718 659 εἴη.
1755 622 1832 648 κιν-

525 675 671 714 δυνεύω
691 677 781 727 γὰρ,
813 676 865 727 μὴ
886 674 1012 713 πολλὰ
1033 676 1133 726 ἔχων
1153 675 1279 713 πολλὰ
1300 675 1524 725 κεκτῆσθαι
1548 673 1595 712 δι’
1621 674 1719 726 ὑμᾶς
1748 676 1834 720 τοὺς

526 740 670 790 φίλους,
700 741 834 786 οἵτινες
864 739 1114 790 ἐπιμελεῖσθε
1143 739 1266 790 ἡμῶν.

421 816 485 855 ep.
507 804 558 844 26
589 807 632 844 ut
660 805 780 844 etiam
819 804 906 843 aliis
942 804 981 842 in
1019 804 1201 853 epistulis
1239 803 1290 842 de
1326 803 1560 849 amicitia¹):
1600 804 1724 853 ἤθους
1758 804 1833 854 γὰρ

528 868 655 918 κρίσιν
685 867 867 919 οὐδεμίαν
888 867 1168 918 ἀκριβεστέραν
1189 867 1358 918 ἡγοῦμαι
1386 872 1454 918 τῆς
1483 868 1523 905 ἐν
1552 867 1657 918 φιλίᾳ
1687 867 1834 918 βεβαιό-

525 945 648 981 τητος.
679 954 724 959 -—
752 931 969 981 νομίζοντες
998 931 1332 980 ἐλευθεριωτάτην
1369 930 1604 980 ἐπικαρπίαν
1643 931 1739 968 εἶναι
1767 936 1836 980 τῆς

524 995 703 1046 τοιαύτης
733 994 951 1040 διαθέσεως
980 995 1049 1045 τὴν
1079 996 1188 1045 παρὰ
1218 1000 1293 1033 τῶν
1323 996 1365 1032 εὐ
1395 994 1547 1041 ζώντων
1578 994 1780 1045 εὐφημίαν.

419 1070 483 1110 ep.
502 1059 554 1098 29
583 1060 608 1108 ᾗ
629 1059 653 1098 2
685 1059 737 1110 μὴ
767 1064 833 1097 τοῦ
863 1059 1036 1104 πλείονος
1065 1059 1311 1109 ὀριγνᾶσθαι.
1351 1081 1397 1085 ——-
1426 1059 1665 1109 ὑπεροπτικὴ
1694 1058 1835 1103 παντὸς

525 1125 626 1162 οὖσα
655 1129 721 1162 τοῦ
750 1122 921 1169 πλέονος.

530 1191 556 1238 §
575 1189 600 1227 3
629 1194 703 1227 τῶν
734 1194 882 1239 μικρῶν
919 1189 1029 1239 ἡμῶν
1059 1190 1102 1226 οὐ
1138 1189 1458 1239 παρακελεύομαι
1489 1189 1836 1238 καταφρονεῖσθαι,

534 1252 635 1291 ἀλλὰ
666 1252 718 1304 μὴ
749 1253 811 1291 ἐπὶ
842 1257 990 1304 μικροῖς
1010 1252 1288 1302 ταράττεσθαι,
1320 1252 1418 1291 ἔνθα
1448 1252 1541 1291 οὐδὲ
1567 1253 1629 1290 ἐπὶ
1658 1251 1837 1304 μεγάλοις

526 1317 648 1356 καλὸν
677 1317 703 1367 ἡ
733 1317 845 1367 ὀργή.

526 1382 551 1430 §
571 1381 596 1420 5
626 1380 725 1432 μέγα
754 1385 867 1431 χαῖρε
897 1381 960 1418 ἐπὶ
988 1385 1039 1431 τῷ
1070 1380 1233 1418 πλοῦτον
1263 1380 1450 1419 πλουτεῖν.

418 1455 480 1494 ep.
504 1444 556 1483 32
584 1446 647 1493 §l
684 1445 789 1483 θεῶν
823 1447 899 1495 γὰρ
938 1445 986 1494 δὴ
1022 1446 1090 1482 καὶ
1125 1445 1268 1495 γονέων
1304 1446 1372 1483 καὶ
1409 1446 1619 1494 εὐεργετῶν
1657 1444 1836 1494 ποιητέον

529 1508 750 1560 ἐπιμέλειαν
779 1509 843 1547 τὸν
872 1508 1071 1559 χαρίεντα.

529 1574 554 1622 §
568 1573 593 1611 3
614 1572 730 1623 σοφία
744 1574 821 1623 γὰρ
835 1573 993 1623 ἀληθὴς
1008 1571 1144 1623 λέγοιτ’
1166 1574 1211 1611 ἂν
1228 1572 1388 1618 ἐνδίκως
1404 1572 1604 1624 βεβαιότης
1618 1573 1686 1611 καὶ
1701 1572 1835 1617 πίστις.

422 1648 487 1687 ep.
509 1636 561 1676 34
591 1638 616 1686 §
641 1638 655 1676 1
691 1637 829 1687 ἀνδρίᾳ
866 1639 942 1687 γὰρ
972 1638 1039 1674 καὶ
1077 1636 1187 1688 ῥώμῃ
1218 1638 1285 1675 καὶ
1314 1637 1424 1688 τάχει
1452 1637 1659 1688 διενεγκεῖν
1696 1635 1836 1683 δόξειεν

530 1703 576 1739 ἂν
605 1701 807 1752 χαρίεντος
837 1703 944 1740 εἶναι.

524 1820 582 1855 13.
614 1817 682 1855 De
711 1821 953 1867 apparatu
986 1817 1347 1855 Socraticorum
1375 1816 1684 1867 scriptorum.

551 1891 676 1930 Aliud
693 1895 782 1930 erat
801 1892 1228 1942 epistolographorum
1247 1892 1506 1942 propositum
1524 1892 1648 1933 libros
1666 1892 1838 1931 clarissim

418 1968 581 1994 morum
599 1956 782 1994 virorum
799 1956 1009 2005 effingere,
1028 1969 1110 2006 quo
1128 1957 1251 1994 modo
1268 1956 1402 1994 multa
1417 1957 1561 2006 gravia
1578 1960 1619 1994 et
1637 1957 1839 1995 notabilia

418 2020 541 2058 hodie
562 2019 683 2058 nobis
704 2023 872 2058 servata
894 2024 1004 2058 sunt.
1054 2020 1225 2071 Saepius
1248 2032 1414 2071 quoque
1436 2020 1672 2060 sufficiebat
1696 2033 1838 2060 eorum

418 2084 600 2132 cognitio
628 2084 868 2122 auctoribus
895 2084 1179 2133 epistularum,
1208 2096 1291 2134 qua
1317 2085 1359 2122 in
1386 2097 1429 2122 re
1456 2085 1717 2133 potissimum
1744 2097 1838 2122 con—

418 2147 604 2186 tulerunt
636 2144 823 2186 studium
855 2147 907 2186 ad
941 2147 1243 2187 Socraticorum
1274 2148 1457 2198 dialogos
1487 2151 1528 2186 et
1558 2147 1713 2199 scripta
1743 2148 1836 2187 alia.

424 2213 541 2264 Quae
566 2212 726 2250 lateant
753 2212 795 2249 in
821 2212 1007 2263 epistulis
1037 2213 1216 2251 Socratis
1241 2217 1282 2251 et
1313 2213 1630 2258 Socraticorum,
1657 2225 1706 2251 ea
1731 2225 1839 2264 quae

417 2277 605 2327 sequitur
634 2277 756 2315 huius
786 2277 1087 2315 dissertationis
1116 2282 1235 2327 parte
1264 2278 1515 2327 perscrutari
1544 2278 1745 2316 volumus.

860 2397 917 2432 14.
951 2395 1222 2434 Phaedonis
1253 2396 1392 2434 Simo.

554 2469 596 2508 Si
622 2469 865 2519 inspicimus
892 2469 1093 2519 epistulae
1124 2473 1170 2508 13
1197 2470 1337 2515 verba,
1366 2481 1474 2520 quae
1499 2469 1619 2507 initio
1646 2469 1840 2518 leguntur

428 2536 518 2573 (οὐκ
539 2535 614 2584 ἐγώ
645 2548 689 2573 σε
712 2535 905 2585 κωμῳδῶ,
937 2534 1039 2573 ἀλλὰ
1059 2534 1231 2583 Φαίδων,
1261 2535 1386 2585 λέγων
1414 2535 1613 2585 γεγονέναι
1643 2548 1687 2573 σε
1707 2535 1837 2584 κρείσ-

551 2619 586 2659 l)
609 2618 654 2652 cf,
680 2619 937 2658 Bohnenblust,
962 2618 1129 2662 Beitrttge
1154 2630 1234 2652 zum
1257 2619 1375 2662 Topos
1399 2619 1467 2662 περὶ
1490 2619 1603 2661 φιλίας,
1630 2618 1718 2650 Berl.
1738 2619 1836 2658 1905,

417 2684 448 2716 p.
470 2673 572 2715 2sssq.
599 2673 689 2706 Diss.
716 2675 816 2706 Bern.
