2138 3299
993 303 1231 342 -6-

535 433 718 481 Quarum
758 433 797 472 in
838 433 1095 484 epistularum
1134 431 1308 478 studio¹)
1344 435 1524 471 versatos
1552 441 1641 470 esse
1672 430 1821 470 multos

403 498 512 537 viros
542 498 687 537 doctos
716 498 777 536 vel
809 497 902 536 inde
932 499 1109 546 apparet,
1140 495 1253 546 quod
1282 496 1331 534 de
1362 495 1695 534 adnotationibus
1712 494 1819 534 Con-

405 561 487 600 radi
519 561 645 601 Orelli
684 561 787 600 libro
817 561 983 600 adiectis
1011 559 1340 598 commemoravi.
1385 558 1692 598 Recentioribus
1720 563 1819 597 tem·

404 625 574 676 poribus
611 637 705 665 cum
745 624 1005 676 epistularum
1043 622 1178 663 studio
1217 623 1330 663 multi
1360 634 1525 674 quoque
1555 634 1598 663 se
1625 622 1819 670 dederint,

406 690 504 728 haec
534 690 796 739 epistularum
818 688 1002 727 collectio
1024 687 1200 726 Conradi
1221 687 1345 726 Orelli
1376 688 1476 726 libro
1506 698 1604 726 sane
1631 687 1818 726 obsoleto

405 754 588 802 graviore
629 753 912 792 observatione
953 752 1076 801 digna
1120 751 1253 791 adhuc
1295 762 1377 790 non
1419 751 1504 791 visa
1545 750 1679 798 erat2).
1728 750 1817 790 Jam

405 817 556 856 diutius
577 817 626 855 de
648 816 830 866 epistulis
846 815 1022 855 Socratis
1043 820 1081 854 et
1096 814 1404 861 Socraticorum,
1426 819 1621 865 quantum
1644 814 1820 853 valerent

404 892 592 930 quaeque
623 892 671 919 ex
700 880 758 919 eis
789 880 909 919 nobis
938 879 1129 919 discenda
1161 883 1308 925 esseut,
1347 879 1561 929 inquirenti
1592 879 1818 929 nuperrime

404 945 501 982 mihi
541 945 578 982 in
621 955 766 982 manus
807 943 946 982 incidit
986 943 1210 982 dissertatio
1252 942 1443 982 Guilelmi
1483 942 1643 982 Obens:
1703 942 1818 991 „Qua

403 1010 529 1046 aetate
579 1006 755 1046 Socratis
803 1009 840 1046 et
888 1006 1182 1046 Socraticorum
1238 1017 1342 1057 quae
1390 1007 1576 1046 dicuntur
1622 1007 1817 1057 epistulae

401 1071 571 1121 scriptae
614 1072 705 1116 sint,
749 1071 1094 1109 Monast.1912.“
1157 1070 1237 1109 Sed
1281 1081 1375 1109 vero
1417 1070 1562 1109 Obens
1602 1071 1652 1109 ad
1694 1081 1816 1109 unam

401 1134 596 1185 imprimis
635 1134 917 1186 quaestionem
956 1134 1133 1174 studium
1172 1145 1289 1174 suum
1327 1134 1532 1180 convertit,
1570 1145 1651 1185 qua
1688 1136 1817 1174 aetate

400 1199 652 1249 conscriptae
700 1202 836 1238 essent
885 1200 974 1238 illae
1023 1199 1232 1249 epistulae.
1290 1199 1424 1247 Quam
1474 1210 1555 1238 rem
1607 1199 1817 1249 diligenter

401 1267 670 1313 perscrutatus
702 1263 874 1302 maxima
897 1263 1190 1302 dissertationis
1209 1268 1318 1313 parte
1349 1274 1431 1313 quo
1455 1267 1638 1309 tempore
1667 1263 1816 1313 epistu-

400 1327 461 1365 lae
491 1327 592 1376 fingi
623 1328 839 1377 potuerint,
878 1327 1061 1377 explicat,
1100 1327 1171 1366 sed
1203 1338 1293 1366 cum
1325 1327 1440 1366 initio
1477 1326 1685 1366 adduxerit
1715 1337 1816 1365 non-

402 1391 523 1437 nulla,
563 1402 668 1441 quae
699 1392 946 1442 reperiantur
975 1391 1013 1430 in
1045 1391 1228 1442 epistulis
1257 1391 1428 1441 singulis
1457 1391 1658 1441 simulque
1688 1391 1817 1430 varias

400 1466 473 1500 res,
510 1466 613 1504 quae
652 1455 704 1493 ad
742 1455 946 1493 historiam
979 1456 1191 1504 pertinent,
1230 1456 1449 1504 posteriore
1479 1459 1609 1493 aetate
1640 1459 1816 1493 narratas

400 1529 488 1556 esse
519 1518 753 1564 ostenderit,
792 1519 914 1557 multa
945 1523 1078 1557 tamen
1110 1524 1203 1557 sunt
1232 1529 1336 1568 quae
1367 1520 1513 1557 restent
1542 1518 1593 1556 ad
1624 1517 1817 1568 epistulas

399 1582 623 1620 accuratius
672 1582 935 1631 inquirendas
979 1584 1098 1632 atque
1137 1582 1260 1631 pluris
1300 1580 1627 1628 aestimandas³›.
1685 1581 1815 1621 Altera

398 1650 580 1695 superest
610 1656 731 1685 causa
762 1646 956 1695 epistulas
986 1645 1161 1695 amplius
1190 1645 1441 1685 excutiendi:
1483 1645 1678 1695 epistulas
1707 1645 1814 1685 enim

397 1709 449 1748 35
479 1714 517 1748 et
546 1709 597 1748 36
641 1708 785 1749 Obens
824 1721 906 1749 non
944 1710 1222 1760 interpretatus
1258 1712 1318 1748 est
1356 1709 1515 1749 dicendi
1553 1709 1706 1750 ratione
1749 1721 1815 1749 ex-

397 1776 533 1823 cepta;
572 1774 622 1812 de
660 1774 811 1824 quibus
848 1776 1049 1823 postrema
1090 1774 1210 1812 huius
1241 1774 1532 1814 dissertationis
1562 1776 1671 1824 parte
1701 1785 1814 1813 accu-

396 1837 517 1876 ratius
556 1838 762 1887 exquirere
802 1838 900 1876 mihi
938 1838 1067 1884 liceat,
1109 1837 1221 1888 quod
1268 1838 1306 1876 in
1348 1838 1423 1876 illis
1461 1838 1658 1876 maximae
1695 1838 1815 1877 nobis

397 1900 623 1939 offeruntur
653 1901 910 1941 difficultates
940 1906 1060 1951 atque
1092 1912 1240 1951 magna
1279 1901 1507 1940 continetur
1536 1901 1654 1952 copia
1685 1912 1812 1940 rerum

397 1965 565 2013 cognitu
599 1965 827 2014 dignarum.
858 1965 1076 2015 Praecipue
1099 1965 1196 2004 mihi
1218 1965 1470 2016 propositum
1494 1965 1565 2004 erit
1595 1965 1644 2004 de
1665 1965 1814 2015 epistu—

395 2029 520 2066 larum
536 2029 746 2068 sententiis
760 2040 947 2079 quaeque
961 2041 1008 2068 ex
1022 2029 1080 2068 eis
1092 2041 1339 2079 cognoscere
1354 2040 1587 2079 possumus,
1597 2029 1812 2079 disputare.

529 2135 561 2173 1)
585 2133 767 2176 Epistulas
792 2134 957 2176 plurimas
984 2144 1051 2166 non
1079 2145 1191 2172 veras,
1216 2133 1278 2166 sed
1303 2134 1453 2167 fictici-as
1477 2144 1554 2166 esse
1580 2135 1691 2176 primo
1708 2134 1815 2167 Bent-

396 2187 486 2218 leius
512 2186 769 2219 demonstravit
792 2188 825 2218 in
853 2187 1098 2219 dissertatione
1121 2188 1347 2220 celeberrima
1362 2187 1406 2220 de
1430 2188 1592 2230 epistulis
1609 2188 1813 2225 Phalaridis,

392 2239 650 2277 Themistoclis,
676 2240 831 2272 Socratis
856 2265 862 2271 .
889 2265 894 2270 .
921 2265 927 2271 .
953 2265 972 2276 .,
1000 2240 1149 2274 deutsch
1172 2253 1206 2273 v.
1231 2241 1288 2273 W.
1318 2241 1483 2279 Ribbeck,
1508 2241 1601 2283 Lips.
1626 2243 1724 2274 1857.

524 2295 557 2332 2)
584 2294 715 2326 Paulus
727 2294 830 2335 Lang
848 2295 923 2332 „Do
943 2294 1128 2336 Speusippi
1143 2294 1345 2327 Academici
1363 2295 1509 2337 seriptis,
1533 2295 1676 2327 Bonnae
1693 2296 1812 2332 1911“,

391 2358 429 2379 se
453 2357 577 2379 omnes
605 2347 791 2389 Speusippi
817 2347 986 2389 epistulas
1010 2347 1187 2379 editurum
1213 2358 1291 2381 esse
1315 2348 1496 2390 pollicitus
1522 2353 1575 2380 est
1599 2352 1647 2391 (p.
1666 2350 1736 2389 39).

522 2402 559 2439 3)
583 2401 937 2432 Oommemorandum
964 2410 1041 2432 esse
1074 2401 1214 2433 videtur
1238 2402 1432 2434 Obensium
1456 2402 1598 2433 omnino
1624 2412 1692 2433 non
1719 2413 1813 2433 men-

390 2454 523 2486 tionem
548 2453 675 2486 fecisse
700 2454 794 2486 illius
820 2453 971 2486 conradi
1002 2455 1110 2486 Orelli
1135 2455 1223 2492 libri,
1247 2456 1283 2487 in
1307 2465 1377 2497 quo
1403 2465 1472 2486 non
1499 2455 1603 2487 modo
1627 2456 1812 2498 permulta,

391 2517 481 2549 quae
505 2508 629 2538 attulit
651 2508 710 2538 ille
735 2508 768 2538 in
790 2507 1040 2539 dissertatione
1057 2518 1130 2544 sua,
1155 2509 1223 2540 iam
1239 2512 1391 2541 tractata
1413 2511 1507 2544 sunt.
1531 2508 1593 2541 sed
1619 2508 1713 2550 quod
1736 2509 1812 2540 fun-

390 2560 597 2592 damentum
630 2560 806 2602 quoddam
833 2562 1004 2603 cuiusque
1036 2560 1080 2593 de
1104 2561 1159 2593 his
1190 2562 1351 2604 epistulis
1383 2562 1499 2603 operis
1531 2565 1595 2594 est.
1647 2562 1813 2594 Ceterum

391 2613 514 2647 Obens
532 2613 761 2646 multifariam
778 2615 918 2650 erravit.
935 2614 1048 2647 multa.
1062 2615 1191 2651 omisit,
1215 2625 1305 2659 quae
1321 2625 1387 2648 suo
1404 2615 1484 2648 loco
1499 2615 1674 2655 corrigere
1690 2625 1809 2659 cogor.
