<?xml version="1.0" encoding="UTF-8"?>
<!DOCTYPE html PUBLIC "-//W3C//DTD XHTML 1.0 Transitional//EN"
    "http://www.w3.org/TR/xhtml1/DTD/xhtml1-transitional.dtd">
<html xmlns="http://www.w3.org/1999/xhtml" xml:lang="en" lang="en">
 <head>
  <title>
</title>
<meta http-equiv="Content-Type" content="text/html;charset=utf-8" />
  <meta name='ocr-system' content='tesseract 3.04.00' />
  <meta name='ocr-capabilities' content='ocr_page ocr_carea ocr_par ocr_line ocrx_word'/>
</head>
<body>
  <div class='ocr_page' id='page_1' title='image "4738057_0065.png"; bbox 0 0 2138 3299; ppageno 0'>
   <div class='ocr_carea' id='block_1_1' title="bbox 920 294 1176 333">
    <p class='ocr_par' dir='ltr' id='par_1_1' title="bbox 920 294 1176 333">
     <span class='ocr_line' id='line_1_1' title="bbox 920 294 1176 333; baseline -0.004 -9"><span class='ocrx_word' id='word_1_1' title='bbox 920 294 1176 333; x_wconf 78' lang='lat'><strong>..53-</strong></span> 
     </span>
    </p>
   </div>
   <div class='ocr_carea' id='block_1_2' title="bbox 337 419 1766 2529">
    <p class='ocr_par' dir='ltr' id='par_1_2' title="bbox 350 419 1766 539">
     <span class='ocr_line' id='line_1_2' title="bbox 350 419 1766 473; baseline 0 -12"><span class='ocrx_word' id='word_1_2' title='bbox 350 435 389 473; x_wconf 91' lang='lat' dir='ltr'>p.</span> <span class='ocrx_word' id='word_1_3' title='bbox 413 426 554 468; x_wconf 85' lang='lat'>165‚14</span> <span class='ocrx_word' id='word_1_4' title='bbox 582 422 652 461; x_wconf 86' lang='lat' dir='ltr'>Us.</span> <span class='ocrx_word' id='word_1_5' title='bbox 684 423 754 472; x_wconf 89' lang='grc' dir='ltr'>τὴν</span> <span class='ocrx_word' id='word_1_6' title='bbox 772 421 918 461; x_wconf 83' lang='grc' dir='ltr'>οἰκίαν.</span> <span class='ocrx_word' id='word_1_7' title='bbox 937 451 944 458; x_wconf 94' lang='grc'><strong>.</strong></span> <span class='ocrx_word' id='word_1_8' title='bbox 964 433 1044 470; x_wconf 88' lang='lat' dir='ltr'><strong>.ep.</strong></span> <span class='ocrx_word' id='word_1_9' title='bbox 1067 419 1177 458; x_wconf 89' lang='lat' dir='ltr'><strong>Socr.</strong></span> <span class='ocrx_word' id='word_1_10' title='bbox 1199 422 1249 458; x_wconf 86' lang='lat'>29</span> <span class='ocrx_word' id='word_1_11' title='bbox 1270 422 1288 469; x_wconf 65' lang='grc' dir='ltr'><strong>ξ</strong></span> <span class='ocrx_word' id='word_1_12' title='bbox 1306 422 1346 458; x_wconf 67' lang='grc'>21</span> <span class='ocrx_word' id='word_1_13' title='bbox 1378 421 1413 460; x_wconf 86' lang='grc' dir='ltr'>οἱ</span> <span class='ocrx_word' id='word_1_14' title='bbox 1433 422 1500 460; x_wconf 89' lang='grc' dir='ltr'>δύο</span> <span class='ocrx_word' id='word_1_15' title='bbox 1521 423 1589 472; x_wconf 87' lang='grc' dir='ltr'>μὲν</span> <span class='ocrx_word' id='word_1_16' title='bbox 1610 422 1685 472; x_wconf 84' lang='grc' dir='ltr'>γάρ</span> <span class='ocrx_word' id='word_1_17' title='bbox 1707 436 1766 462; x_wconf 86' lang='grc' dir='ltr'>σοι</span> 
     </span>
     <span class='ocr_line' id='line_1_3' title="bbox 457 484 1621 539; baseline -0.003 -13"><span class='ocrx_word' id='word_1_18' title='bbox 457 492 576 539; x_wconf 85' lang='grc' dir='ltr'>κῆποι</span> <span class='ocrx_word' id='word_1_19' title='bbox 605 486 782 538; x_wconf 81' lang='grc' dir='ltr'>μένουσιν</span> <span class='ocrx_word' id='word_1_20' title='bbox 813 485 948 524; x_wconf 88' lang='grc' dir='ltr'>ἱκανοί.</span> <span class='ocrx_word' id='word_1_21' title='bbox 978 486 1019 523; x_wconf 85' lang='grc' dir='ltr'>τὸ</span> <span class='ocrx_word' id='word_1_22' title='bbox 1049 484 1083 523; x_wconf 82' lang='grc' dir='ltr'>δ’</span> <span class='ocrx_word' id='word_1_23' title='bbox 1113 486 1153 524; x_wconf 87' lang='grc' dir='ltr'>ἐν</span> <span class='ocrx_word' id='word_1_24' title='bbox 1181 490 1229 536; x_wconf 75' lang='grc' dir='ltr'>τῇ</span> <span class='ocrx_word' id='word_1_25' title='bbox 1258 484 1448 537; x_wconf 82' lang='grc' dir='ltr'>Βερενίκη</span> <span class='ocrx_word' id='word_1_26' title='bbox 1478 490 1621 538; x_wconf 85' lang='grc' dir='ltr'>κτῆμα.</span> 
     </span>
    </p>

    <p class='ocr_par' dir='ltr' id='par_1_3' title="bbox 350 549 1761 601">
     <span class='ocr_line' id='line_1_4' title="bbox 350 549 1761 601; baseline -0.001 -13"><span class='ocrx_word' id='word_1_27' title='bbox 350 563 387 600; x_wconf 94' lang='lat' dir='ltr'>p.</span> <span class='ocrx_word' id='word_1_28' title='bbox 413 553 553 595; x_wconf 89' lang='lat'>168,10</span> <span class='ocrx_word' id='word_1_29' title='bbox 570 550 640 589; x_wconf 91' lang='lat' dir='ltr'><strong>Us.</strong></span> <span class='ocrx_word' id='word_1_30' title='bbox 674 551 812 601; x_wconf 84' lang='grc' dir='ltr'>ἀφίημι</span> <span class='ocrx_word' id='word_1_31' title='bbox 827 555 901 588; x_wconf 82' lang='grc' dir='ltr'>τῶν</span> <span class='ocrx_word' id='word_1_32' title='bbox 917 550 1066 588; x_wconf 83' lang='grc' dir='ltr'>παίδων</span> <span class='ocrx_word' id='word_1_33' title='bbox 1083 549 1291 600; x_wconf 87' lang='grc' dir='ltr'>ἐλεύθερον</span> <span class='ocrx_word' id='word_1_34' title='bbox 1316 579 1323 586; x_wconf 97' lang='grc'><em>.</em></span> <span class='ocrx_word' id='word_1_35' title='bbox 1343 579 1350 586; x_wconf 89' lang='grc'><strong>.</strong></span> <span class='ocrx_word' id='word_1_36' title='bbox 1369 579 1376 586; x_wconf 95' lang='grc'><strong><em>.</em></strong></span> <span class='ocrx_word' id='word_1_37' title='bbox 1400 562 1462 599; x_wconf 90' lang='lat' dir='ltr'>ep.</span> <span class='ocrx_word' id='word_1_38' title='bbox 1485 549 1593 587; x_wconf 90' lang='lat' dir='ltr'><strong>Socr.</strong></span> <span class='ocrx_word' id='word_1_39' title='bbox 1622 551 1671 586; x_wconf 89' lang='grc'>29</span> <span class='ocrx_word' id='word_1_40' title='bbox 1691 551 1709 597; x_wconf 66' lang='grc' dir='ltr'><em>ξ</em></span> <span class='ocrx_word' id='word_1_41' title='bbox 1727 552 1761 586; x_wconf 93' lang='grc'>2.</span> 
     </span>
    </p>

    <p class='ocr_par' dir='ltr' id='par_1_4' title="bbox 348 612 1765 987">
     <span class='ocr_line' id='line_1_5' title="bbox 348 612 1765 666; baseline 0 -14"><span class='ocrx_word' id='word_1_42' title='bbox 348 627 387 664; x_wconf 89' lang='lat' dir='ltr'>p.</span> <span class='ocrx_word' id='word_1_43' title='bbox 411 616 521 659; x_wconf 89' lang='lat'>167‚1</span> <span class='ocrx_word' id='word_1_44' title='bbox 540 614 611 653; x_wconf 92' lang='lat' dir='ltr'><strong>Us.</strong></span> <span class='ocrx_word' id='word_1_45' title='bbox 645 614 985 666; x_wconf 74' lang='grc' dir='ltr'>ἐπιμελείσθωσαν</span> <span class='ocrx_word' id='word_1_46' title='bbox 1002 614 1045 652; x_wconf 86' lang='grc' dir='ltr'>δὲ</span> <span class='ocrx_word' id='word_1_47' title='bbox 1059 615 1128 652; x_wconf 81' lang='grc' dir='ltr'>καὶ</span> <span class='ocrx_word' id='word_1_48' title='bbox 1140 612 1417 665; x_wconf 80' lang='grc' dir='ltr'>Ἀμυνόμαχος</span> <span class='ocrx_word' id='word_1_49' title='bbox 1436 615 1504 652; x_wconf 82' lang='grc' dir='ltr'>καὶ</span> <span class='ocrx_word' id='word_1_50' title='bbox 1519 613 1765 665; x_wconf 75' lang='grc' dir='ltr'><strong>Τιμοκράτης</strong></span> 
     </span>
     <span class='ocr_line' id='line_1_6' title="bbox 455 676 1764 730; baseline 0 -13"><span class='ocrx_word' id='word_1_51' title='bbox 455 684 521 718; x_wconf 89' lang='grc' dir='ltr'>τοῦ</span> <span class='ocrx_word' id='word_1_52' title='bbox 549 679 631 717; x_wconf 83' lang='grc' dir='ltr'>υἱοῦ</span> <span class='ocrx_word' id='word_1_53' title='bbox 660 684 726 717; x_wconf 90' lang='grc' dir='ltr'>τοῦ</span> <span class='ocrx_word' id='word_1_54' title='bbox 755 677 1019 730; x_wconf 84' lang='grc' dir='ltr'>Μητροδώρου</span> <span class='ocrx_word' id='word_1_55' title='bbox 1038 676 1275 730; x_wconf 88' lang='grc' dir='ltr'>Ἐπικούρου</span> <span class='ocrx_word' id='word_1_56' title='bbox 1305 680 1373 718; x_wconf 85' lang='grc' dir='ltr'>καὶ</span> <span class='ocrx_word' id='word_1_57' title='bbox 1400 684 1465 717; x_wconf 91' lang='grc' dir='ltr'>τοῦ</span> <span class='ocrx_word' id='word_1_58' title='bbox 1494 678 1576 717; x_wconf 80' lang='grc' dir='ltr'>υἱοῦ</span> <span class='ocrx_word' id='word_1_59' title='bbox 1604 684 1669 717; x_wconf 86' lang='grc' dir='ltr'>τοῦ</span> <span class='ocrx_word' id='word_1_60' title='bbox 1688 677 1764 717; x_wconf 92' lang='grc' dir='ltr'>Πο-</span> 
     </span>
     <span class='ocr_line' id='line_1_7' title="bbox 456 742 1763 795; baseline -0.001 -13"><span class='ocrx_word' id='word_1_61' title='bbox 456 744 625 792; x_wconf 92' lang='grc' dir='ltr'>λυαίνου,</span> <span class='ocrx_word' id='word_1_62' title='bbox 656 744 965 795; x_wconf 80' lang='grc' dir='ltr'>φιλοσοφούντων</span> <span class='ocrx_word' id='word_1_63' title='bbox 995 744 1119 782; x_wconf 85' lang='grc' dir='ltr'>αὐτῶν</span> <span class='ocrx_word' id='word_1_64' title='bbox 1143 773 1151 780; x_wconf 96' lang='grc'><strong>.</strong></span> <span class='ocrx_word' id='word_1_65' title='bbox 1170 773 1177 780; x_wconf 94' lang='grc'><strong>.</strong></span> <span class='ocrx_word' id='word_1_66' title='bbox 1196 772 1204 780; x_wconf 93' lang='grc'><strong><em>.</em></strong></span> <span class='ocrx_word' id='word_1_67' title='bbox 1227 746 1268 781; x_wconf 92' lang='lat' dir='ltr'>et</span> <span class='ocrx_word' id='word_1_68' title='bbox 1286 754 1347 793; x_wconf 88' lang='lat' dir='ltr'>ep.</span> <span class='ocrx_word' id='word_1_69' title='bbox 1370 742 1479 781; x_wconf 85' lang='lat' dir='ltr'><strong>Socr.</strong></span> <span class='ocrx_word' id='word_1_70' title='bbox 1500 744 1549 780; x_wconf 86' lang='lat'>29</span> <span class='ocrx_word' id='word_1_71' title='bbox 1581 744 1657 791; x_wconf 57' lang='lat'>3⁸3:</span> <span class='ocrx_word' id='word_1_72' title='bbox 1689 743 1763 794; x_wconf 84' lang='grc' dir='ltr'>πρὸ</span> 
     </span>
     <span class='ocr_line' id='line_1_8' title="bbox 455 806 1763 860; baseline -0.001 -12"><span class='ocrx_word' id='word_1_73' title='bbox 455 810 597 856; x_wconf 82' lang='grc' dir='ltr'>παντὸς</span> <span class='ocrx_word' id='word_1_74' title='bbox 626 809 669 848; x_wconf 89' lang='grc' dir='ltr'>δὲ</span> <span class='ocrx_word' id='word_1_75' title='bbox 698 808 926 860; x_wconf 76' lang='grc' dir='ltr'>ἐπισκήπτω</span> <span class='ocrx_word' id='word_1_76' title='bbox 948 821 1007 847; x_wconf 89' lang='grc' dir='ltr'>σοι</span> <span class='ocrx_word' id='word_1_77' title='bbox 1035 813 1100 847; x_wconf 88' lang='grc' dir='ltr'>τοῦ</span> <span class='ocrx_word' id='word_1_78' title='bbox 1123 813 1260 860; x_wconf 87' lang='grc' dir='ltr'>μικροῦ</span> <span class='ocrx_word' id='word_1_79' title='bbox 1288 806 1547 859; x_wconf 83' lang='grc' dir='ltr'>Ἀριστίππου</span> <span class='ocrx_word' id='word_1_80' title='bbox 1577 807 1763 860; x_wconf 83' lang='grc' dir='ltr'>ἐπιμελεῖ-</span> 
     </span>
     <span class='ocr_line' id='line_1_9' title="bbox 458 871 1764 923; baseline -0.002 -11"><span class='ocrx_word' id='word_1_81' title='bbox 458 874 567 919; x_wconf 89' lang='grc' dir='ltr'>σθαι,</span> <span class='ocrx_word' id='word_1_82' title='bbox 596 875 699 919; x_wconf 80' lang='grc' dir='ltr'>ὅπως</span> <span class='ocrx_word' id='word_1_83' title='bbox 729 872 832 919; x_wconf 80' lang='grc' dir='ltr'>ἄξιος</span> <span class='ocrx_word' id='word_1_84' title='bbox 850 873 961 923; x_wconf 85' lang='grc' dir='ltr'>ἡμῶν</span> <span class='ocrx_word' id='word_1_85' title='bbox 990 873 1057 910; x_wconf 86' lang='grc' dir='ltr'>καὶ</span> <span class='ocrx_word' id='word_1_86' title='bbox 1083 871 1308 921; x_wconf 84' lang='grc' dir='ltr'>φιλοσοφίας</span> <span class='ocrx_word' id='word_1_87' title='bbox 1337 875 1377 908; x_wconf 81' lang='lat' dir='ltr'><strong>et</strong></span> <span class='ocrx_word' id='word_1_88' title='bbox 1399 871 1638 923; x_wconf 85' lang='grc' dir='ltr'>κτηματίτην</span> <span class='ocrx_word' id='word_1_89' title='bbox 1666 872 1764 911; x_wconf 88' lang='grc' dir='ltr'>ποίει</span> 
     </span>
     <span class='ocr_line' id='line_1_10' title="bbox 454 935 1248 987; baseline 0 -11"><span class='ocrx_word' id='word_1_90' title='bbox 454 938 587 976; x_wconf 87' lang='grc' dir='ltr'>τούτου</span> <span class='ocrx_word' id='word_1_91' title='bbox 617 938 659 987; x_wconf 90' lang='lat' dir='ltr'><strong>(i.</strong></span> <span class='ocrx_word' id='word_1_92' title='bbox 690 948 724 977; x_wconf 90' lang='lat' dir='ltr'>e.</span> <span class='ocrx_word' id='word_1_93' title='bbox 756 943 821 976; x_wconf 90' lang='grc' dir='ltr'>τοῦ</span> <span class='ocrx_word' id='word_1_94' title='bbox 851 936 1032 985; x_wconf 87' lang='grc' dir='ltr'>πλούτου)</span> <span class='ocrx_word' id='word_1_95' title='bbox 1063 936 1126 975; x_wconf 84' lang='grc' dir='ltr'>τὸν</span> <span class='ocrx_word' id='word_1_96' title='bbox 1156 935 1248 976; x_wconf 85' lang='grc' dir='ltr'>υἱόν.</span> 
     </span>
    </p>

    <p class='ocr_par' dir='ltr' id='par_1_5' title="bbox 345 999 1762 1244">
     <span class='ocr_line' id='line_1_11' title="bbox 345 999 1762 1051; baseline 0 -13"><span class='ocrx_word' id='word_1_97' title='bbox 345 1013 383 1051; x_wconf 92' lang='lat' dir='ltr'>p.</span> <span class='ocrx_word' id='word_1_98' title='bbox 408 1003 522 1045; x_wconf 84' lang='lat'><strong>167,3</strong></span> <span class='ocrx_word' id='word_1_99' title='bbox 551 1001 621 1039; x_wconf 83' lang='lat' dir='ltr'>Us.</span> <span class='ocrx_word' id='word_1_100' title='bbox 662 1001 846 1046; x_wconf 81' lang='grc' dir='ltr'>ὡσαύτως</span> <span class='ocrx_word' id='word_1_101' title='bbox 883 1001 925 1038; x_wconf 90' lang='grc' dir='ltr'>δὲ</span> <span class='ocrx_word' id='word_1_102' title='bbox 962 1005 1030 1050; x_wconf 82' lang='grc' dir='ltr'>τῆς</span> <span class='ocrx_word' id='word_1_103' title='bbox 1067 1001 1261 1050; x_wconf 84' lang='grc' dir='ltr'>θυγατρὸς</span> <span class='ocrx_word' id='word_1_104' title='bbox 1297 1005 1365 1050; x_wconf 78' lang='grc' dir='ltr'>τῆς</span> <span class='ocrx_word' id='word_1_105' title='bbox 1393 999 1657 1051; x_wconf 85' lang='grc' dir='ltr'>Μητροδώρου</span> <span class='ocrx_word' id='word_1_106' title='bbox 1694 1002 1762 1051; x_wconf 86' lang='grc' dir='ltr'>τὴν</span> 
     </span>
     <span class='ocr_line' id='line_1_12' title="bbox 452 1064 1761 1117; baseline -0.002 -12"><span class='ocrx_word' id='word_1_107' title='bbox 452 1065 673 1117; x_wconf 80' lang='grc' dir='ltr'>ἐπιμέλειαν</span> <span class='ocrx_word' id='word_1_108' title='bbox 708 1064 989 1111; x_wconf 79' lang='grc' dir='ltr'>ποιείσθωσαν,</span> <span class='ocrx_word' id='word_1_109' title='bbox 1025 1065 1092 1103; x_wconf 87' lang='grc' dir='ltr'>καὶ</span> <span class='ocrx_word' id='word_1_110' title='bbox 1129 1064 1181 1110; x_wconf 84' lang='grc' dir='ltr'>εἰς</span> <span class='ocrx_word' id='word_1_111' title='bbox 1216 1064 1371 1115; x_wconf 85' lang='grc' dir='ltr'>ἡλικίαν</span> <span class='ocrx_word' id='word_1_112' title='bbox 1408 1064 1606 1104; x_wconf 74' lang='grc' dir='ltr'>ἐλθοῦσαν</span> <span class='ocrx_word' id='word_1_113' title='bbox 1637 1068 1761 1102; x_wconf 85' lang='lat' dir='ltr'><strong>...et</strong></span> 
     </span>
     <span class='ocr_line' id='line_1_13' title="bbox 451 1127 1654 1180; baseline -0.002 -13"><span class='ocrx_word' id='word_1_114' title='bbox 451 1129 570 1180; x_wconf 81' lang='lat' dir='ltr'><strong>epist.</strong></span> <span class='ocrx_word' id='word_1_115' title='bbox 606 1128 716 1167; x_wconf 87' lang='lat' dir='ltr'><strong>Socr.</strong></span> <span class='ocrx_word' id='word_1_116' title='bbox 736 1131 785 1166; x_wconf 88' lang='grc'>29</span> <span class='ocrx_word' id='word_1_117' title='bbox 818 1130 876 1177; x_wconf 83' lang='lat'>§3</span> <span class='ocrx_word' id='word_1_118' title='bbox 913 1130 969 1167; x_wconf 81' lang='grc' dir='ltr'>δτι</span> <span class='ocrx_word' id='word_1_119' title='bbox 998 1129 1187 1179; x_wconf 85' lang='grc' dir='ltr'>κράτιστα</span> <span class='ocrx_word' id='word_1_120' title='bbox 1222 1128 1470 1167; x_wconf 87' lang='grc' dir='ltr'>παιδεύσασα</span> <span class='ocrx_word' id='word_1_121' title='bbox 1498 1129 1562 1167; x_wconf 83' lang='grc' dir='ltr'>τὸν</span> <span class='ocrx_word' id='word_1_122' title='bbox 1590 1127 1654 1167; x_wconf 87' lang='grc' dir='ltr'>Ἀ.</span> 
     </span>
     <span class='ocr_line' id='line_1_14' title="bbox 457 1193 1439 1244; baseline 0.001 -13"><span class='ocrx_word' id='word_1_123' title='bbox 457 1195 515 1242; x_wconf 81' lang='lat'>§4</span> <span class='ocrx_word' id='word_1_124' title='bbox 544 1194 649 1244; x_wconf 87' lang='grc' dir='ltr'>θῆλυ</span> <span class='ocrx_word' id='word_1_125' title='bbox 680 1195 722 1233; x_wconf 85' lang='grc' dir='ltr'>δὲ</span> <span class='ocrx_word' id='word_1_126' title='bbox 750 1193 902 1232; x_wconf 81' lang='grc' dir='ltr'>τέκνον.</span> <span class='ocrx_word' id='word_1_127' title='bbox 921 1223 929 1231; x_wconf 92' lang='grc'><strong>.</strong></span> <span class='ocrx_word' id='word_1_128' title='bbox 948 1194 1018 1239; x_wconf 84' lang='grc' dir='ltr'>,εἰς</span> <span class='ocrx_word' id='word_1_129' title='bbox 1046 1193 1201 1243; x_wconf 84' lang='grc' dir='ltr'>ἡλικίαν</span> <span class='ocrx_word' id='word_1_130' title='bbox 1231 1193 1439 1233; x_wconf 89' lang='grc' dir='ltr'>ἐλθοῦσαν.</span> 
     </span>
    </p>

    <p class='ocr_par' dir='ltr' id='par_1_6' title="bbox 346 1256 1750 1372">
     <span class='ocr_line' id='line_1_15' title="bbox 346 1256 1666 1309; baseline 0.001 -16"><span class='ocrx_word' id='word_1_131' title='bbox 346 1268 384 1306; x_wconf 89' lang='lat' dir='ltr'>p.</span> <span class='ocrx_word' id='word_1_132' title='bbox 409 1257 609 1302; x_wconf 85' lang='lat' dir='ltr'><strong>168‚1Us.</strong></span> <span class='ocrx_word' id='word_1_133' title='bbox 643 1257 806 1309; x_wconf 84' lang='grc' dir='ltr'>μηδενὸς</span> <span class='ocrx_word' id='word_1_134' title='bbox 834 1262 908 1295; x_wconf 88' lang='grc' dir='ltr'>τῶν</span> <span class='ocrx_word' id='word_1_135' title='bbox 938 1256 1161 1307; x_wconf 78' lang='grc' dir='ltr'>ἀναγκαίων</span> <span class='ocrx_word' id='word_1_136' title='bbox 1192 1257 1332 1302; x_wconf 82' lang='grc' dir='ltr'>ἐνδεεῖς</span> <span class='ocrx_word' id='word_1_137' title='bbox 1360 1256 1666 1308; x_wconf 74' lang='grc' dir='ltr'>καθεστήκωσιν</span> 
     </span>
     <span class='ocr_line' id='line_1_16' title="bbox 452 1320 1351 1372; baseline 0.001 -13"><span class='ocrx_word' id='word_1_138' title='bbox 452 1333 514 1371; x_wconf 92' lang='lat' dir='ltr'>ep.</span> <span class='ocrx_word' id='word_1_139' title='bbox 537 1320 647 1360; x_wconf 89' lang='lat' dir='ltr'><strong>Socr.</strong></span> <span class='ocrx_word' id='word_1_140' title='bbox 667 1323 775 1366; x_wconf 80' lang='grc'><strong>29,2;</strong></span> <span class='ocrx_word' id='word_1_141' title='bbox 807 1323 907 1360; x_wconf 88' lang='grc' dir='ltr'>ὥστε</span> <span class='ocrx_word' id='word_1_142' title='bbox 937 1335 982 1360; x_wconf 91' lang='grc' dir='ltr'>σε</span> <span class='ocrx_word' id='word_1_143' title='bbox 1012 1322 1124 1360; x_wconf 85' lang='grc' dir='ltr'>ἐνδεᾶ</span> <span class='ocrx_word' id='word_1_144' title='bbox 1153 1321 1351 1372; x_wconf 82' lang='grc' dir='ltr'>γενέσθαι.</span> 
     </span>
    </p>

    <p class='ocr_par' dir='ltr' id='par_1_7' title="bbox 337 1384 1762 2529">
     <span class='ocr_line' id='line_1_17' title="bbox 476 1384 1762 1437; baseline 0.001 -13"><span class='ocrx_word' id='word_1_145' title='bbox 476 1384 542 1424; x_wconf 92' lang='lat' dir='ltr'>Ad</span> <span class='ocrx_word' id='word_1_146' title='bbox 572 1385 648 1423; x_wconf 93' lang='lat' dir='ltr'>hoc</span> <span class='ocrx_word' id='word_1_147' title='bbox 681 1388 870 1424; x_wconf 85' lang='lat' dir='ltr'>auctores</span> <span class='ocrx_word' id='word_1_148' title='bbox 900 1384 1173 1436; x_wconf 80' lang='lat' dir='ltr'><strong>epistularum</strong></span> <span class='ocrx_word' id='word_1_149' title='bbox 1207 1384 1511 1424; x_wconf 87' lang='lat' dir='ltr'><strong>Socraticarum</strong></span> <span class='ocrx_word' id='word_1_150' title='bbox 1542 1397 1762 1437; x_wconf 80' lang='lat' dir='ltr'><strong>usurpasse</strong></span> 
     </span>
     <span class='ocr_line' id='line_1_18' title="bbox 344 1449 1761 1500; baseline 0.001 -12"><span class='ocrx_word' id='word_1_151' title='bbox 344 1449 512 1499; x_wconf 91' lang='lat' dir='ltr'><strong>Epicuri</strong></span> <span class='ocrx_word' id='word_1_152' title='bbox 532 1449 696 1488; x_wconf 91' lang='lat' dir='ltr'><strong>dicendi</strong></span> <span class='ocrx_word' id='word_1_153' title='bbox 714 1450 954 1498; x_wconf 71' lang='lat' dir='ltr'><strong>rationeml)</strong></span> <span class='ocrx_word' id='word_1_154' title='bbox 975 1454 1015 1488; x_wconf 89' lang='lat' dir='ltr'>et</span> <span class='ocrx_word' id='word_1_155' title='bbox 1035 1450 1192 1500; x_wconf 90' lang='lat' dir='ltr'><strong>scripta</strong></span> <span class='ocrx_word' id='word_1_156' title='bbox 1211 1463 1262 1489; x_wconf 88' lang='lat' dir='ltr'>ex</span> <span class='ocrx_word' id='word_1_157' title='bbox 1282 1450 1423 1488; x_wconf 90' lang='lat' dir='ltr'><strong>multis</strong></span> <span class='ocrx_word' id='word_1_158' title='bbox 1443 1450 1541 1489; x_wconf 89' lang='lat' dir='ltr'><strong>locis</strong></span> <span class='ocrx_word' id='word_1_159' title='bbox 1560 1450 1761 1490; x_wconf 87' lang='lat' dir='ltr'><strong>similibus</strong></span> 
     </span>
     <span class='ocr_line' id='line_1_19' title="bbox 342 1513 1760 1566; baseline 0.001 -14"><span class='ocrx_word' id='word_1_160' title='bbox 342 1513 559 1564; x_wconf 84' lang='lat' dir='ltr'><strong>colligitur.</strong></span> <span class='ocrx_word' id='word_1_161' title='bbox 590 1513 738 1552; x_wconf 89' lang='lat' dir='ltr'><strong>Inveni</strong></span> <span class='ocrx_word' id='word_1_162' title='bbox 753 1514 873 1552; x_wconf 84' lang='lat' dir='ltr'><strong>haec:</strong></span> <span class='ocrx_word' id='word_1_163' title='bbox 894 1513 930 1552; x_wconf 90' lang='lat' dir='ltr'>E</span> <span class='ocrx_word' id='word_1_164' title='bbox 945 1514 1161 1553; x_wconf 83' lang='lat' dir='ltr'><strong>sententiis</strong></span> <span class='ocrx_word' id='word_1_165' title='bbox 1178 1513 1338 1553; x_wconf 87' lang='lat' dir='ltr'><strong>selectis</strong></span> <span class='ocrx_word' id='word_1_166' title='bbox 1358 1515 1504 1566; x_wconf 87' lang='grc' dir='ltr'>(κύριαι</span> <span class='ocrx_word' id='word_1_167' title='bbox 1522 1515 1644 1563; x_wconf 82' lang='grc' dir='ltr'>δόξαι)</span> <span class='ocrx_word' id='word_1_168' title='bbox 1665 1514 1760 1565; x_wconf 90' lang='lat' dir='ltr'><strong>Epi-</strong></span> 
     </span>
     <span class='ocr_line' id='line_1_20' title="bbox 342 1577 1760 1630; baseline 0.002 -15"><span class='ocrx_word' id='word_1_169' title='bbox 342 1577 430 1616; x_wconf 86' lang='lat' dir='ltr'><strong>curi</strong></span> <span class='ocrx_word' id='word_1_170' title='bbox 460 1578 535 1627; x_wconf 79' lang='lat' dir='ltr'><strong>frg.</strong></span> <span class='ocrx_word' id='word_1_171' title='bbox 564 1581 639 1615; x_wconf 87' lang='lat'>214</span> <span class='ocrx_word' id='word_1_172' title='bbox 668 1578 738 1616; x_wconf 89' lang='lat' dir='ltr'><strong>Us.</strong></span> <span class='ocrx_word' id='word_1_173' title='bbox 774 1579 826 1629; x_wconf 82' lang='grc' dir='ltr'>μὴ</span> <span class='ocrx_word' id='word_1_174' title='bbox 863 1585 980 1629; x_wconf 85' lang='grc' dir='ltr'>φεῦγε</span> <span class='ocrx_word' id='word_1_175' title='bbox 1015 1581 1062 1617; x_wconf 84' lang='grc' dir='ltr'>τὰ</span> <span class='ocrx_word' id='word_1_176' title='bbox 1100 1581 1219 1630; x_wconf 83' lang='grc' dir='ltr'>μικρὰ</span> <span class='ocrx_word' id='word_1_177' title='bbox 1256 1579 1517 1630; x_wconf 80' lang='grc' dir='ltr'>χαρίζεσθαι·</span> <span class='ocrx_word' id='word_1_178' title='bbox 1537 1579 1657 1626; x_wconf 84' lang='grc' dir='ltr'>δόξεις</span> <span class='ocrx_word' id='word_1_179' title='bbox 1684 1582 1760 1630; x_wconf 83' lang='grc' dir='ltr'>γὰρ</span> 
     </span>
     <span class='ocr_line' id='line_1_21' title="bbox 343 1642 1759 1694; baseline 0.001 -14"><span class='ocrx_word' id='word_1_180' title='bbox 343 1644 411 1680; x_wconf 84' lang='grc' dir='ltr'>καὶ</span> <span class='ocrx_word' id='word_1_181' title='bbox 439 1643 534 1692; x_wconf 80' lang='grc' dir='ltr'>πρὸς</span> <span class='ocrx_word' id='word_1_182' title='bbox 563 1644 610 1680; x_wconf 85' lang='grc' dir='ltr'>τὰ</span> <span class='ocrx_word' id='word_1_183' title='bbox 641 1642 792 1694; x_wconf 85' lang='grc' dir='ltr'>μεγάλα</span> <span class='ocrx_word' id='word_1_184' title='bbox 821 1648 987 1688; x_wconf 90' lang='grc' dir='ltr'>τοιοῦτος</span> <span class='ocrx_word' id='word_1_185' title='bbox 1017 1644 1113 1681; x_wconf 77' lang='grc' dir='ltr'>εἶναι</span> <span class='ocrx_word' id='word_1_186' title='bbox 1137 1673 1249 1679; x_wconf 91' lang='grc'>.....</span> <span class='ocrx_word' id='word_1_187' title='bbox 1273 1654 1335 1692; x_wconf 92' lang='lat' dir='ltr'>ep.</span> <span class='ocrx_word' id='word_1_188' title='bbox 1365 1642 1474 1681; x_wconf 89' lang='lat' dir='ltr'><strong>Socr.</strong></span> <span class='ocrx_word' id='word_1_189' title='bbox 1503 1645 1551 1680; x_wconf 88' lang='grc'>29</span> <span class='ocrx_word' id='word_1_190' title='bbox 1578 1644 1653 1691; x_wconf 77' lang='lat'>§3:</span> <span class='ocrx_word' id='word_1_191' title='bbox 1685 1649 1759 1682; x_wconf 83' lang='grc' dir='ltr'>τῶν</span> 
     </span>
     <span class='ocr_line' id='line_1_22' title="bbox 344 1707 1756 1758; baseline 0.002 -14"><span class='ocrx_word' id='word_1_192' title='bbox 344 1711 490 1757; x_wconf 85' lang='grc' dir='ltr'>μικρῶν</span> <span class='ocrx_word' id='word_1_193' title='bbox 527 1707 626 1757; x_wconf 83' lang='grc' dir='ltr'>ὑμᾶς</span> <span class='ocrx_word' id='word_1_194' title='bbox 661 1708 705 1745; x_wconf 84' lang='grc' dir='ltr'>ού</span> <span class='ocrx_word' id='word_1_195' title='bbox 734 1707 1054 1758; x_wconf 89' lang='grc' dir='ltr'>παρακελεύομαι</span> <span class='ocrx_word' id='word_1_196' title='bbox 1091 1712 1347 1757; x_wconf 82' lang='grc' dir='ltr'>καταφρονεῖν</span> <span class='ocrx_word' id='word_1_197' title='bbox 1372 1737 1484 1744; x_wconf 93' lang='grc'><strong><em>.....</em></strong></span> <span class='ocrx_word' id='word_1_198' title='bbox 1508 1708 1581 1757; x_wconf 79' lang='lat' dir='ltr'><strong>frg.</strong></span> <span class='ocrx_word' id='word_1_199' title='bbox 1614 1711 1687 1747; x_wconf 87' lang='lat'>138</span> <span class='ocrx_word' id='word_1_200' title='bbox 1719 1722 1756 1758; x_wconf 88' lang='lat' dir='ltr'>p.</span> 
     </span>
     <span class='ocr_line' id='line_1_23' title="bbox 345 1770 1760 1823; baseline 0.002 -15"><span class='ocrx_word' id='word_1_201' title='bbox 345 1774 418 1810; x_wconf 87' lang='lat'>143</span> <span class='ocrx_word' id='word_1_202' title='bbox 444 1771 513 1810; x_wconf 85' lang='lat' dir='ltr'><strong>Us.</strong></span> <span class='ocrx_word' id='word_1_203' title='bbox 552 1772 599 1808; x_wconf 87' lang='grc' dir='ltr'>σὺ</span> <span class='ocrx_word' id='word_1_204' title='bbox 629 1771 671 1808; x_wconf 85' lang='grc' dir='ltr'>δὲ</span> <span class='ocrx_word' id='word_1_205' title='bbox 701 1770 816 1817; x_wconf 84' lang='grc' dir='ltr'>ἀξίως</span> <span class='ocrx_word' id='word_1_206' title='bbox 845 1775 913 1821; x_wconf 85' lang='grc' dir='ltr'>τῆς</span> <span class='ocrx_word' id='word_1_207' title='bbox 942 1771 988 1809; x_wconf 89' lang='grc' dir='ltr'>ἐκ</span> <span class='ocrx_word' id='word_1_208' title='bbox 1024 1771 1224 1822; x_wconf 88' lang='grc' dir='ltr'>μειρακίου</span> <span class='ocrx_word' id='word_1_209' title='bbox 1254 1772 1541 1823; x_wconf 84' lang='grc' dir='ltr'>παραστάσεως</span> <span class='ocrx_word' id='word_1_210' title='bbox 1569 1773 1663 1822; x_wconf 80' lang='grc' dir='ltr'>πρὸς</span> <span class='ocrx_word' id='word_1_211' title='bbox 1692 1773 1760 1823; x_wconf 88' lang='grc' dir='ltr'>ἐμὲ</span> 
     </span>
     <span class='ocr_line' id='line_1_24' title="bbox 340 1834 1760 1888; baseline 0.002 -15"><span class='ocrx_word' id='word_1_212' title='bbox 340 1836 408 1873; x_wconf 79' lang='grc' dir='ltr'>καὶ</span> <span class='ocrx_word' id='word_1_213' title='bbox 447 1834 674 1886; x_wconf 88' lang='grc' dir='ltr'>φιλοσοφίαν</span> <span class='ocrx_word' id='word_1_214' title='bbox 715 1835 897 1888; x_wconf 84' lang='grc' dir='ltr'>ἐπιμελοῦ</span> <span class='ocrx_word' id='word_1_215' title='bbox 937 1841 1011 1874; x_wconf 84' lang='grc' dir='ltr'>τῶν</span> <span class='ocrx_word' id='word_1_216' title='bbox 1051 1835 1199 1875; x_wconf 89' lang='grc' dir='ltr'>παίδων</span> <span class='ocrx_word' id='word_1_217' title='bbox 1229 1835 1492 1888; x_wconf 88' lang='grc' dir='ltr'>Μητροδώρου</span> <span class='ocrx_word' id='word_1_218' title='bbox 1503 1849 1512 1882; x_wconf 86' lang='lat'>;</span> <span class='ocrx_word' id='word_1_219' title='bbox 1554 1837 1604 1875; x_wconf 86' lang='lat' dir='ltr'>cf.</span> <span class='ocrx_word' id='word_1_220' title='bbox 1633 1838 1760 1877; x_wconf 90' lang='lat' dir='ltr'><strong>verba</strong></span> 
     </span>
     <span class='ocr_line' id='line_1_25' title="bbox 339 1901 1758 1953; baseline 0.001 -12"><span class='ocrx_word' id='word_1_221' title='bbox 339 1901 539 1951; x_wconf 82' lang='lat' dir='ltr'><strong>Aristippi</strong></span> <span class='ocrx_word' id='word_1_222' title='bbox 575 1901 627 1939; x_wconf 90' lang='lat' dir='ltr'>de</span> <span class='ocrx_word' id='word_1_223' title='bbox 662 1904 813 1951; x_wconf 89' lang='lat' dir='ltr'><strong>nepote</strong></span> <span class='ocrx_word' id='word_1_224' title='bbox 851 1901 1083 1941; x_wconf 84' lang='lat' dir='ltr'><strong>educando:</strong></span> <span class='ocrx_word' id='word_1_225' title='bbox 1123 1915 1184 1953; x_wconf 88' lang='lat' dir='ltr'>ep.</span> <span class='ocrx_word' id='word_1_226' title='bbox 1208 1905 1257 1940; x_wconf 88' lang='grc'>29</span> <span class='ocrx_word' id='word_1_227' title='bbox 1298 1904 1369 1952; x_wconf 68' lang='lat'>§4-</span> <span class='ocrx_word' id='word_1_228' title='bbox 1393 1906 1426 1941; x_wconf 89' lang='lat'>5.</span> <span class='ocrx_word' id='word_1_229' title='bbox 1487 1903 1646 1942; x_wconf 88' lang='lat' dir='ltr'><strong>Eadem</strong></span> <span class='ocrx_word' id='word_1_230' title='bbox 1675 1902 1758 1942; x_wconf 82' lang='lat' dir='ltr'><strong>fere</strong></span> 
     </span>
     <span class='ocr_line' id='line_1_26' title="bbox 340 1965 1759 2017; baseline 0.002 -14"><span class='ocrx_word' id='word_1_231' title='bbox 340 1965 467 2004; x_wconf 87' lang='lat' dir='ltr'><strong>verba</strong></span> <span class='ocrx_word' id='word_1_232' title='bbox 483 1965 754 2005; x_wconf 81' lang='lat' dir='ltr'><strong>inveniuntur</strong></span> <span class='ocrx_word' id='word_1_233' title='bbox 781 1966 853 2015; x_wconf 84' lang='lat' dir='ltr'><strong>frg.</strong></span> <span class='ocrx_word' id='word_1_234' title='bbox 880 1969 952 2003; x_wconf 88' lang='grc'>122</span> <span class='ocrx_word' id='word_1_235' title='bbox 973 1966 1043 2014; x_wconf 89' lang='lat' dir='ltr'>(ad</span> <span class='ocrx_word' id='word_1_236' title='bbox 1062 1966 1381 2014; x_wconf 85' lang='lat' dir='ltr'><strong>Hermarchum)</strong></span> <span class='ocrx_word' id='word_1_237' title='bbox 1417 1972 1456 2006; x_wconf 87' lang='lat' dir='ltr'>et</span> <span class='ocrx_word' id='word_1_238' title='bbox 1483 1967 1557 2017; x_wconf 82' lang='lat' dir='ltr'><strong>frg.</strong></span> <span class='ocrx_word' id='word_1_239' title='bbox 1589 1970 1662 2006; x_wconf 88' lang='lat'>138</span> <span class='ocrx_word' id='word_1_240' title='bbox 1689 1968 1759 2015; x_wconf 89' lang='lat' dir='ltr'>(ad</span> 
     </span>
     <span class='ocr_line' id='line_1_27' title="bbox 340 2029 1754 2081; baseline 0.001 -13"><span class='ocrx_word' id='word_1_241' title='bbox 340 2029 642 2077; x_wconf 87' lang='lat' dir='ltr'><strong>Idomeneum),</strong></span> <span class='ocrx_word' id='word_1_242' title='bbox 669 2029 718 2067; x_wconf 82' lang='lat' dir='ltr'>cf.</span> <span class='ocrx_word' id='word_1_243' title='bbox 748 2029 875 2068; x_wconf 88' lang='lat' dir='ltr'><strong>etiam</strong></span> <span class='ocrx_word' id='word_1_244' title='bbox 899 2030 1030 2069; x_wconf 89' lang='lat' dir='ltr'><strong>simile</strong></span> <span class='ocrx_word' id='word_1_245' title='bbox 1055 2030 1129 2081; x_wconf 82' lang='lat' dir='ltr'><strong>frg.</strong></span> <span class='ocrx_word' id='word_1_246' title='bbox 1158 2033 1229 2070; x_wconf 86' lang='lat'>177</span> <span class='ocrx_word' id='word_1_247' title='bbox 1260 2032 1314 2081; x_wconf 92' lang='lat' dir='ltr'>(p.</span> <span class='ocrx_word' id='word_1_248' title='bbox 1342 2033 1472 2079; x_wconf 81' lang='lat'>134‚5)</span> <span class='ocrx_word' id='word_1_249' title='bbox 1500 2034 1540 2069; x_wconf 85' lang='lat' dir='ltr'>et</span> <span class='ocrx_word' id='word_1_250' title='bbox 1569 2031 1642 2081; x_wconf 81' lang='lat' dir='ltr'><strong>frg.</strong></span> <span class='ocrx_word' id='word_1_251' title='bbox 1670 2034 1754 2071; x_wconf 87' lang='lat'><strong>176.</strong></span> 
     </span>
     <span class='ocr_line' id='line_1_28' title="bbox 339 2092 1758 2145; baseline 0.001 -13"><span class='ocrx_word' id='word_1_252' title='bbox 339 2094 405 2132; x_wconf 93' lang='lat' dir='ltr'>Ad</span> <span class='ocrx_word' id='word_1_253' title='bbox 421 2092 642 2143; x_wconf 78' lang='lat' dir='ltr'><strong>epistulam</strong></span> <span class='ocrx_word' id='word_1_254' title='bbox 659 2096 706 2131; x_wconf 88' lang='grc'>21</span> <span class='ocrx_word' id='word_1_255' title='bbox 727 2093 836 2131; x_wconf 88' lang='lat' dir='ltr'><strong>Socr.</strong></span> <span class='ocrx_word' id='word_1_256' title='bbox 857 2093 1041 2133; x_wconf 84' lang='lat' dir='ltr'><strong>conferas</strong></span> <span class='ocrx_word' id='word_1_257' title='bbox 1056 2094 1182 2133; x_wconf 86' lang='lat' dir='ltr'><strong>velim</strong></span> <span class='ocrx_word' id='word_1_258' title='bbox 1196 2094 1363 2145; x_wconf 87' lang='lat' dir='ltr'><strong>Epicuri</strong></span> <span class='ocrx_word' id='word_1_259' title='bbox 1380 2094 1452 2144; x_wconf 82' lang='lat' dir='ltr'><strong>frg.</strong></span> <span class='ocrx_word' id='word_1_260' title='bbox 1471 2097 1544 2134; x_wconf 87' lang='grc'>176</span> <span class='ocrx_word' id='word_1_261' title='bbox 1566 2094 1758 2145; x_wconf 87' lang='lat' dir='ltr'><strong>(epistula</strong></span> 
     </span>
     <span class='ocr_line' id='line_1_29' title="bbox 339 2157 1757 2209; baseline 0.001 -14"><span class='ocrx_word' id='word_1_262' title='bbox 339 2158 392 2195; x_wconf 86' lang='lat' dir='ltr'>ad</span> <span class='ocrx_word' id='word_1_263' title='bbox 417 2169 592 2207; x_wconf 87' lang='lat' dir='ltr'><strong>puerum</strong></span> <span class='ocrx_word' id='word_1_264' title='bbox 615 2157 680 2195; x_wconf 89' lang='lat' dir='ltr'><strong>vel</strong></span> <span class='ocrx_word' id='word_1_265' title='bbox 705 2157 900 2207; x_wconf 88' lang='lat' dir='ltr'><strong>puellam)</strong></span> <span class='ocrx_word' id='word_1_266' title='bbox 1027 2160 1068 2196; x_wconf 78' lang='grc' dir='ltr'>εὖ</span> <span class='ocrx_word' id='word_1_267' title='bbox 1097 2160 1172 2208; x_wconf 83' lang='grc' dir='ltr'>γὰρ</span> <span class='ocrx_word' id='word_1_268' title='bbox 1202 2158 1287 2196; x_wconf 84' lang='grc' dir='ltr'>ἴσθι</span> <span class='ocrx_word' id='word_1_269' title='bbox 1315 2157 1341 2208; x_wconf 86' lang='grc' dir='ltr'>ἡ</span> <span class='ocrx_word' id='word_1_270' title='bbox 1372 2158 1473 2195; x_wconf 86' lang='grc' dir='ltr'>αἰτία</span> <span class='ocrx_word' id='word_1_271' title='bbox 1502 2159 1557 2196; x_wconf 78' lang='grc' dir='ltr'>ὅτι</span> <span class='ocrx_word' id='word_1_272' title='bbox 1586 2159 1653 2196; x_wconf 82' lang='grc' dir='ltr'>καὶ</span> <span class='ocrx_word' id='word_1_273' title='bbox 1682 2159 1757 2209; x_wconf 84' lang='grc' dir='ltr'>ἐγὼ</span> 
     </span>
     <span class='ocr_line' id='line_1_30' title="bbox 338 2221 1754 2272; baseline 0.001 -14"><span class='ocrx_word' id='word_1_274' title='bbox 338 2221 406 2258; x_wconf 88' lang='grc' dir='ltr'>καὶ</span> <span class='ocrx_word' id='word_1_275' title='bbox 435 2221 469 2258; x_wconf 86' lang='grc' dir='ltr'>οἱ</span> <span class='ocrx_word' id='word_1_276' title='bbox 497 2221 623 2258; x_wconf 79' lang='grc' dir='ltr'>λοιποὶ</span> <span class='ocrx_word' id='word_1_277' title='bbox 651 2221 791 2266; x_wconf 83' lang='grc' dir='ltr'>πάντες</span> <span class='ocrx_word' id='word_1_278' title='bbox 821 2233 866 2258; x_wconf 89' lang='grc' dir='ltr'>σε</span> <span class='ocrx_word' id='word_1_279' title='bbox 896 2221 994 2271; x_wconf 84' lang='grc' dir='ltr'>μέγα</span> <span class='ocrx_word' id='word_1_280' title='bbox 1014 2221 1185 2271; x_wconf 82' lang='grc' dir='ltr'>φιλοῦσιν</span> <span class='ocrx_word' id='word_1_281' title='bbox 1215 2223 1271 2260; x_wconf 80' lang='grc' dir='ltr'>ὅτι</span> <span class='ocrx_word' id='word_1_282' title='bbox 1299 2221 1442 2266; x_wconf 88' lang='grc' dir='ltr'>τούτοις</span> <span class='ocrx_word' id='word_1_283' title='bbox 1470 2221 1590 2272; x_wconf 80' lang='grc' dir='ltr'>πείθῃ</span> <span class='ocrx_word' id='word_1_284' title='bbox 1611 2223 1754 2266; x_wconf 83' lang='grc' dir='ltr'>πάντα;</span> 
     </span>
     <span class='ocr_line' id='line_1_31' title="bbox 338 2286 1756 2337; baseline 0.001 -14"><span class='ocrx_word' id='word_1_285' title='bbox 338 2290 378 2324; x_wconf 87' lang='lat' dir='ltr'>et</span> <span class='ocrx_word' id='word_1_286' title='bbox 400 2299 450 2325; x_wconf 87' lang='lat' dir='ltr'>ex</span> <span class='ocrx_word' id='word_1_287' title='bbox 472 2286 640 2336; x_wconf 89' lang='lat' dir='ltr'><strong>Epicuri</strong></span> <span class='ocrx_word' id='word_1_288' title='bbox 668 2290 922 2325; x_wconf 84' lang='lat' dir='ltr'><strong>testamento</strong></span> <span class='ocrx_word' id='word_1_289' title='bbox 948 2286 1021 2336; x_wconf 80' lang='lat' dir='ltr'><strong>frg.</strong></span> <span class='ocrx_word' id='word_1_290' title='bbox 1046 2290 1120 2326; x_wconf 85' lang='lat'>217</span> <span class='ocrx_word' id='word_1_291' title='bbox 1148 2300 1185 2337; x_wconf 93' lang='lat' dir='ltr'>p.</span> <span class='ocrx_word' id='word_1_292' title='bbox 1214 2290 1328 2331; x_wconf 87' lang='lat'>168‚3</span> <span class='ocrx_word' id='word_1_293' title='bbox 1354 2287 1445 2326; x_wconf 85' lang='lat' dir='ltr'><strong>Us.:</strong></span> <span class='ocrx_word' id='word_1_294' title='bbox 1478 2287 1545 2325; x_wconf 85' lang='grc' dir='ltr'>ἐὰν</span> <span class='ocrx_word' id='word_1_295' title='bbox 1569 2287 1611 2326; x_wconf 82' lang='grc' dir='ltr'>δέ</span> <span class='ocrx_word' id='word_1_296' title='bbox 1630 2300 1664 2325; x_wconf 90' lang='grc' dir='ltr'>τι</span> <span class='ocrx_word' id='word_1_297' title='bbox 1682 2292 1756 2325; x_wconf 86' lang='grc' dir='ltr'>τῶν</span> 
     </span>
     <span class='ocr_line' id='line_1_32' title="bbox 339 2347 1756 2401; baseline 0.001 -14"><span class='ocrx_word' id='word_1_298' title='bbox 339 2349 596 2399; x_wconf 85' lang='grc' dir='ltr'>ἀνθρωπίνων</span> <span class='ocrx_word' id='word_1_299' title='bbox 625 2350 714 2399; x_wconf 83' lang='grc' dir='ltr'>περὶ</span> <span class='ocrx_word' id='word_1_300' title='bbox 738 2347 971 2400; x_wconf 64' lang='grc' dir='ltr'>τἘρμαρχον</span> <span class='ocrx_word' id='word_1_301' title='bbox 1007 2350 1166 2401; x_wconf 80' lang='grc' dir='ltr'>γένηται</span> <span class='ocrx_word' id='word_1_302' title='bbox 1202 2352 1277 2400; x_wconf 81' lang='grc' dir='ltr'>πρὸ</span> <span class='ocrx_word' id='word_1_303' title='bbox 1315 2355 1381 2388; x_wconf 88' lang='grc' dir='ltr'>τοῦ</span> <span class='ocrx_word' id='word_1_304' title='bbox 1417 2352 1464 2388; x_wconf 81' lang='grc' dir='ltr'>τὰ</span> <span class='ocrx_word' id='word_1_305' title='bbox 1492 2350 1756 2401; x_wconf 90' lang='grc' dir='ltr'>Μητροδώρου</span> 
     </span>
     <span class='ocr_line' id='line_1_33' title="bbox 337 2412 1756 2465; baseline 0.003 -15"><span class='ocrx_word' id='word_1_306' title='bbox 337 2413 473 2451; x_wconf 89' lang='grc' dir='ltr'>παιδία</span> <span class='ocrx_word' id='word_1_307' title='bbox 511 2413 563 2459; x_wconf 87' lang='grc' dir='ltr'>είς</span> <span class='ocrx_word' id='word_1_308' title='bbox 598 2412 753 2464; x_wconf 85' lang='grc' dir='ltr'>ἡλικίαν</span> <span class='ocrx_word' id='word_1_309' title='bbox 784 2412 914 2452; x_wconf 85' lang='grc' dir='ltr'>ἐλθεῖν</span> <span class='ocrx_word' id='word_1_310' title='bbox 952 2415 1005 2453; x_wconf 83' lang='lat' dir='ltr'>ad</span> <span class='ocrx_word' id='word_1_311' title='bbox 1041 2427 1102 2465; x_wconf 90' lang='lat' dir='ltr'>ep.</span> <span class='ocrx_word' id='word_1_312' title='bbox 1137 2418 1183 2453; x_wconf 89' lang='grc'>21</span> <span class='ocrx_word' id='word_1_313' title='bbox 1222 2415 1367 2454; x_wconf 86' lang='lat' dir='ltr'><strong>verba:</strong></span> <span class='ocrx_word' id='word_1_314' title='bbox 1407 2414 1458 2460; x_wconf 85' lang='grc' dir='ltr'>ὡς</span> <span class='ocrx_word' id='word_1_315' title='bbox 1488 2415 1519 2453; x_wconf 82' lang='grc' dir='ltr'>εἰ</span> <span class='ocrx_word' id='word_1_316' title='bbox 1549 2417 1596 2453; x_wconf 88' lang='grc' dir='ltr'>σὺ</span> <span class='ocrx_word' id='word_1_317' title='bbox 1625 2415 1650 2465; x_wconf 87' lang='grc' dir='ltr'>ἢ</span> <span class='ocrx_word' id='word_1_318' title='bbox 1681 2416 1756 2465; x_wconf 84' lang='grc' dir='ltr'>ἐγὼ</span> 
     </span>
     <span class='ocr_line' id='line_1_34' title="bbox 338 2477 1755 2529; baseline 0.001 -14"><span class='ocrx_word' id='word_1_319' title='bbox 338 2477 363 2526; x_wconf 89' lang='grc' dir='ltr'>ἢ</span> <span class='ocrx_word' id='word_1_320' title='bbox 394 2477 510 2522; x_wconf 82' lang='grc' dir='ltr'>ἄλλος</span> <span class='ocrx_word' id='word_1_321' title='bbox 537 2490 602 2524; x_wconf 87' lang='grc' dir='ltr'>τις,</span> <span class='ocrx_word' id='word_1_322' title='bbox 640 2478 714 2527; x_wconf 81' lang='grc' dir='ltr'>ὅτῳ</span> <span class='ocrx_word' id='word_1_323' title='bbox 746 2477 852 2528; x_wconf 83' lang='grc' dir='ltr'>μέλει</span> <span class='ocrx_word' id='word_1_324' title='bbox 881 2491 934 2523; x_wconf 88' lang='grc' dir='ltr'>τις</span> <span class='ocrx_word' id='word_1_325' title='bbox 968 2478 1267 2529; x_wconf 80' lang='grc' dir='ltr'>τελευτήσαντος</span> <span class='ocrx_word' id='word_1_326' title='bbox 1296 2479 1531 2529; x_wconf 86' lang='grc' dir='ltr'>Σωκράτους</span> <span class='ocrx_word' id='word_1_327' title='bbox 1566 2484 1641 2517; x_wconf 86' lang='grc' dir='ltr'>τῶν</span> <span class='ocrx_word' id='word_1_328' title='bbox 1669 2479 1755 2517; x_wconf 88' lang='grc' dir='ltr'>παί-</span> 
     </span>
    </p>
   </div>
   <div class='ocr_carea' id='block_1_3' title="bbox 360 2542 514 2548">
    <p class='ocr_par' dir='ltr' id='par_1_8' title="bbox 360 2542 514 2548">
     <span class='ocr_line' id='line_1_35' title="bbox 360 2542 514 2548; baseline 0 0"><span class='ocrx_word' id='word_1_329' title='bbox 360 2542 514 2548; x_wconf 95' lang='lat' dir='ltr'> </span> 
     </span>
    </p>
   </div>
   <div class='ocr_carea' id='block_1_4' title="bbox 526 2543 616 2547">
    <p class='ocr_par' dir='ltr' id='par_1_9' title="bbox 526 2543 616 2547">
     <span class='ocr_line' id='line_1_36' title="bbox 526 2543 616 2547; baseline 0 0"><span class='ocrx_word' id='word_1_330' title='bbox 526 2543 616 2547; x_wconf 95' lang='lat' dir='ltr'> </span> 
     </span>
    </p>
   </div>
   <div class='ocr_carea' id='block_1_5' title="bbox 335 2560 1757 2658">
    <p class='ocr_par' dir='ltr' id='par_1_10' title="bbox 335 2560 1757 2658">
     <span class='ocr_line' id='line_1_37' title="bbox 467 2560 1757 2606; baseline 0.001 -12"><span class='ocrx_word' id='word_1_331' title='bbox 467 2561 499 2602; x_wconf 86' lang='grc'>1)</span> <span class='ocrx_word' id='word_1_332' title='bbox 524 2560 578 2593; x_wconf 86' lang='lat' dir='ltr'>De</span> <span class='ocrx_word' id='word_1_333' title='bbox 614 2562 755 2605; x_wconf 84' lang='lat' dir='ltr'><strong>Epicuri</strong></span> <span class='ocrx_word' id='word_1_334' title='bbox 793 2562 978 2596; x_wconf 81' lang='lat' dir='ltr'><strong>vocabulis</strong></span> <span class='ocrx_word' id='word_1_335' title='bbox 1016 2563 1059 2596; x_wconf 86' lang='lat' dir='ltr'>ab</span> <span class='ocrx_word' id='word_1_336' title='bbox 1098 2564 1232 2606; x_wconf 88' lang='lat' dir='ltr'><strong>optima</strong></span> <span class='ocrx_word' id='word_1_337' title='bbox 1272 2562 1417 2596; x_wconf 75' lang='lat' dir='ltr'><strong>Atthide</strong></span> <span class='ocrx_word' id='word_1_338' title='bbox 1455 2563 1579 2596; x_wconf 86' lang='lat' dir='ltr'><strong>alienis</strong></span> <span class='ocrx_word' id='word_1_339' title='bbox 1616 2563 1757 2606; x_wconf 75' lang='lat' dir='ltr'><strong>scripsit</strong></span> 
     </span>
     <span class='ocr_line' id='line_1_38' title="bbox 335 2614 1368 2658; baseline 0.001 -10"><span class='ocrx_word' id='word_1_340' title='bbox 335 2615 469 2648; x_wconf 84' lang='lat' dir='ltr'><strong>Paulus</strong></span> <span class='ocrx_word' id='word_1_341' title='bbox 492 2614 604 2648; x_wconf 84' lang='lat' dir='ltr'><strong>Linde</strong></span> <span class='ocrx_word' id='word_1_342' title='bbox 627 2616 755 2656; x_wconf 83' lang='lat' dir='ltr'><strong>(Bresl.</strong></span> <span class='ocrx_word' id='word_1_343' title='bbox 779 2616 905 2649; x_wconf 84' lang='lat' dir='ltr'><strong>Philol.</strong></span> <span class='ocrx_word' id='word_1_344' title='bbox 929 2616 1105 2650; x_wconf 88' lang='lat' dir='ltr'><strong>Abhandl.</strong></span> <span class='ocrx_word' id='word_1_345' title='bbox 1129 2618 1192 2651; x_wconf 89' lang='lat' dir='ltr'>IX.</span> <span class='ocrx_word' id='word_1_346' title='bbox 1207 2618 1238 2649; x_wconf 90' lang='lat'>3.</span> <span class='ocrx_word' id='word_1_347' title='bbox 1260 2617 1368 2658; x_wconf 82' lang='lat'><strong>1906).</strong></span> 
     </span>
    </p>
   </div>
   <div class='ocr_carea' id='block_1_6' title="bbox 2130 1731 2138 3192">
    <p class='ocr_par' dir='ltr' id='par_1_11' title="bbox 2130 1731 2138 3192">
     <span class='ocr_line' id='line_1_39' title="bbox 2130 1731 2138 3192; baseline 0 0"><span class='ocrx_word' id='word_1_348' title='bbox 2130 1731 2138 3192; x_wconf 95' lang='lat' dir='ltr'> </span> 
     </span>
    </p>
   </div>
  </div>
 </body>
</html>
