2138 3299
847 371 1113 412 —25-

274 500 501 540 Siculorum
531 499 626 551 regi,
657 499 974 549 Plutarchus¹)²)
1005 499 1144 540 reddit.
1186 498 1328 540 Obens
1358 499 1508 539 iudicat
1537 502 1591 550 (p.
1614 499 1680 546 29)

274 565 420 604 ambos
442 575 491 603 ex
514 563 660 604 eodem
676 564 785 604 fonte
810 564 1005 611 hausisse,
1026 576 1117 604 cum
1144 565 1184 603 in
1201 564 1310 603 libris
1327 563 1526 614 Diogenis
1542 562 1683 602 Laertii

275 627 420 667 similia
450 627 715 667 inveniamus.
751 627 833 668 Sed
862 628 1036 667 vidimus
1065 627 1293 678 Diogenem
1325 627 1521 667 Laertium
1553 626 1683 677 priore

274 692 380 738 loco,
410 702 531 742 quem
562 691 722 740 adduxi,
752 692 882 732 verbis
911 703 1028 731 usum
1059 703 1148 731 esse
1177 693 1250 730 ὑπὸ
1281 693 1347 742 μὲν
1375 690 1581 737 Πλάτωνος
1609 704 1684 728 πα-

276 755 481 806 ροφθῆναι,
511 766 602 795 cum
633 755 989 806 epistolographus
1015 755 1155 795 dixerit
1182 756 1207 805 §
1226 755 1272 794 3:
1303 754 1413 794 πολλ’
1441 757 1536 793 ἅττα
1566 755 1682 805 ἐμαρ-

274 820 378 870 τύρει
413 824 465 870 τῷ
494 818 673 857 Πλάτωνι
709 819 962 871 (Dionysius)
1001 819 1051 865 ὡς
1080 819 1251 870 εἰρηκότι
1279 821 1366 869 περὶ
1395 821 1488 870 ἐμοῦ
1514 849 1682 858 .....

275 893 354 933 qua
385 894 424 922 re
455 883 533 922 hoc
561 883 654 923 loco
684 882 914 934 Diogenem
945 883 1142 923 Laertium
1181 883 1355 923 eundem
1387 883 1540 923 fontem
1570 882 1683 922 adhi-

274 946 411 986 buisse
441 951 561 997 atque
591 946 785 998 epistulae
802 946 853 986 23
874 952 1077 987 auctorem
1109 959 1192 987 non
1213 947 1426 987 verisimile
1446 951 1517 986 est.
1555 946 1681 986 Immo

274 1021 369 1050 vero
399 1021 503 1061 quae
533 1010 584 1050 ad
614 1011 855 1057 inimicitias,
896 1022 999 1062 quae
1029 1012 1241 1051 exstabant
1278 1012 1379 1050 inter
1407 1011 1614 1051 Platonem
1645 1015 1683 1049 et

274 1073 533 1125 Aristippum,
571 1075 781 1125 pertinent,
819 1075 884 1114 hic
912 1079 1049 1114 auctor
1086 1076 1137 1114 ad
1167 1075 1341 1114 eundem
1373 1075 1525 1114 fontem
1556 1074 1681 1113 redire

275 1138 404 1188 potuit
413 1151 422 1185 ;
453 1138 524 1177 sed
547 1143 589 1177 ut
608 1139 774 1184 videtur,
805 1139 935 1178 variae
955 1139 1201 1178 narrationes
1222 1138 1507 1177 differebantur
1536 1137 1586 1176 de
1608 1138 1682 1177 hac

274 1212 327 1247 re,
357 1203 476 1252 atque
507 1206 549 1241 ut
569 1202 888 1253 epistolographi
918 1204 955 1241 et
981 1203 1193 1252 scriptores
1220 1202 1410 1241 favebant
1437 1202 1533 1241 alter
1561 1201 1682 1247 alteri,

273 1276 406 1306 sermo
436 1265 500 1305 ille
521 1277 616 1306 mox
635 1265 793 1306 Platoni
823 1277 917 1306 mox
937 1265 1140 1317 Aristippo
1161 1264 1555 1317 subponebatur³)⁴).
1590 1264 1683 1304 For-

272 1332 378 1370 tasse
417 1330 612 1381 epistulae
650 1331 801 1370 auctori
839 1342 944 1381 quae
980 1331 1079 1370 ratio
1117 1330 1375 1370 intercederet
1405 1329 1560 1370 Platoni
1590 1341 1681 1369 curn

272 1393 476 1446 AristIppo
507 1399 648 1435 notum
686 1395 759 1435 fuit
787 1419 833 1424 —-
861 1407 911 1435 ex
939 1399 1112 1435 extrema
1143 1395 1395 1445 paragrapho
1433 1394 1563 1434 elucet
1591 1405 1681 1444 pro-

274 1459 450 1509 positum
490 1459 524 1498 ei
565 1459 685 1499 tuisse
724 1460 773 1499 de
811 1459 969 1499 illorum
1008 1459 1207 1498 simultate
1245 1458 1437 1497 disserere
1478 1479 1519 1484 —
1561 1462 1680 1508 atque

275 1527 490 1573 postquam
513 1524 668 1563 fontem
690 1534 796 1571 eum,
823 1534 906 1573 quo
928 1531 1025 1563 usus
1045 1525 1104 1562 est
1119 1523 1354 1562 Plutarchus
1374 1523 1396 1561 l.
1419 1534 1465 1569 c.‚
1496 1522 1679 1572 inspexit,

277 1586 377 1626 haec
406 1587 550 1626 rettulit
579 1587 666 1626 aliis
695 1587 812 1626 etiam
843 1587 1075 1626 auctoribus
1103 1586 1311 1626 arcessitis.

402 1650 608 1691 Praeterea
636 1650 848 1690 Aeschinis
876 1662 968 1690 cum
998 1651 1086 1690 aliis
1105 1650 1317 1691 Socraticis
1347 1650 1599 1690 consuetudo
1629 1650 1680 1689 ab

274 1713 615 1765 epistolographis
651 1714 820 1762 effertur,
866 1725 958 1754 cum
995 1714 1268 1764 Xenophonte
1306 1716 1387 1764 (ep.
1419 1714 1494 1763 15),
1533 1713 1682 1753 Cebete

274 1780 312 1817 et
351 1778 520 1818 Simmia
562 1781 637 1829 (ep.
662 1779 744 1826 22),
783 1778 1021 1818 Antisthene
1063 1781 1144 1829 (ep.
1178 1779 1255 1826 ll),
1295 1777 1462 1817 Simone
1501 1778 1582 1828 (ep.
1606 1778 1682 1824 ll).

273 1840 446 1892 Saepius
475 1844 608 1882 autern
630 1841 890 1893 praedicatur,
921 1853 1000 1893 qua
1021 1842 1303 1882 benevolentia
1324 1842 1439 1882 fuerit
1458 1840 1683 1893 Aristippus

274 1917 367 1956 erga
396 1905 651 1953 Aeschinem,
691 1909 733 1945 ut
762 1907 931 1946 dubium
969 1917 1052 1946 non
1091 1906 1283 1953 videatur,
1322 1907 1420 1957 quin
1458 1906 1600 1946 artiore
1628 1905 1683 1945 fa-

274 1969 507 2010 miliaritatis
535 1970 696 2010 vinculo
726 1972 892 2021 uterque
922 1981 1102 2010 conexus
1131 1969 1235 2018 sit5).

405 2044 437 2083 1)
461 2043 586 2083 Quom.
612 2043 706 2076 adul.
732 2044 776 2076 ab
798 2053 865 2075 am.
891 2044 1017 2075 intem.
1043 2053 1075 2085 p.
1093 2044 1136 2076 67
1159 2043 1236 2075 DE.
1269 2043 1313 2076 cf.
1339 2043 1458 2082 Orelli,
1482 2054 1514 2085 p.
1535 2045 1612 2075 247.
1639 2044 1681 2075 H.

272 2096 435 2133 Dittmar,
458 2097 644 2130 Aischiues
667 2107 701 2129 V.
727 2097 894 2139 Sphettos
917 2096 1057 2140 (Philol.
1082 2096 1225 2130 Unters.
1252 2097 1348 2129 XXI
1368 2097 1481 2138 1912),
1503 2108 1535 2139 p.
1550 2097 1618 2130 250
1631 2107 1682 2139 sq.

273 2150 424 2183 Allatius
448 2150 579 2192 (Orelli,
604 2152 625 2183 1.
653 2152 699 2191 c.)
729 2150 773 2182 ad
797 2151 892 2184 hunc
914 2150 1031 2183 locum
1055 2149 1319 2183 animadvertit:
1354 2150 1585 2189 „Plutarchus
1610 2150 1684 2182 Pla-

272 2204 367 2236 tonis
389 2214 469 2235 cum
487 2204 661 2246 Dionysio
686 2204 900 2246 colloquium
923 2203 1064 2235 nomine
1080 2206 1217 2234 tantum
1236 2204 1406 2246 Aristippi
1428 2204 1615 2235 immutato
1640 2214 1684 2235 ex

272 2257 337 2289 hac
360 2257 511 2299 epistula
527 2257 765 2300 desumpsisse
791 2256 950 2290 videtur“
972 2256 1098 2299 quibus
1120 2256 1235 2289 verbis
1252 2256 1405 2290 Orellius
1428 2257 1558 2290 adiecit
1579 2257 1681 2290 haec:

275 2310 342 2349 „Et
365 2311 506 2342 omnino
529 2311 586 2344 hic
613 2322 692 2343 cum
717 2311 892 2354 Dionysio
917 2321 1030 2343 sermo
1060 2310 1218 2343 Platonis
1245 2311 1389 2352 ingenio
1422 2311 1534 2343 multo
1558 2311 1684 2343 melius

273 2365 439 2397 convenit
462 2374 568 2406 quam
594 2365 796 2407 Aristippi.“

403 2419 437 2460 2)
461 2417 505 2451 cf.
533 2419 640 2451 etiam
672 2418 749 2452 Ael.
781 2418 925 2452 Aristid.
958 2418 1026 2460 περὶ
1053 2419 1167 2462 ῥητορ.
1199 2427 1229 2450 c.
1254 2419 1311 2451 18:
1337 2418 1399 2459 (ΙΙ,
1423 2429 1457 2461 p.
1477 2419 1520 2452 20
1543 2418 1681 2458 Dind.):

273 2474 472 2516 συμφοιητὴς
494 2473 671 2507 Πλάτωνος.

403 2528 437 2568 3)
461 2526 506 2560 cf.
531 2527 662 2560 Theod.
688 2527 871 2570 Gomperz,
895 2527 1032 2560 Griech.
1055 2527 1194 2559 Denker
1220 2526 1282 2565 11²,
1308 2537 1340 2569 p.
1363 2528 1437 2567 172,
1461 2527 1540 2559 adn.
1562 2528 1637 2560 562.

401 2582 437 2621 4)
463 2581 626 2615 Fortasse
649 2582 869 2624 Aristippum
891 2580 1032 2614 induxit.
1053 2581 1289 2614 Aristoxenus
1306 2581 1448 2613 Platoni
1471 2582 1680 2619 obtrectans,

273 2633 318 2666 cf.
344 2633 488 2668 Lucian.
516 2636 586 2676 περὶ
607 2636 754 2676 παρασίτ.
782 2645 810 2667 c.
831 2635 933 2676 32sq.

403 2690 438 2729 5)
461 2687 506 2722 cf.
531 2691 650 2721 autem
673 2687 779 2732 Diog.
804 2687 846 2723 L.
861 2688 899 2721 11
917 2688 970 2721 62.
