2138 3299
848 300 893 309 ...
952 279 1107 335 77..-

271 407 428 461 κτήσεις
454 408 677 457 Μακεδόνες
703 410 843 456 πάντες
871 410 998 449 ἴσασι)
1035 409 1115 449 alio
1135 421 1300 462 quoque
1319 410 1408 449 loco
1437 421 1521 448 non
1544 409 1681 462 legun·

273 476 353 512 tur.
419 474 563 528 Neque
594 486 692 514 vero
722 474 903 514 traditur
934 474 1024 513 illos
1056 474 1140 513 iam
1173 474 1395 515 Alexandri
1426 474 1683 526 temporibus

272 537 478 577 subiectos
494 550 594 584 esse,
613 550 708 576 cum
725 550 819 589 pars
835 538 1042 590 quaedam
1057 538 1179 577 huius
1194 538 1329 590 gentis
1346 539 1400 577 ad
1418 538 1683 590 Strymonem

270 601 428 641 flumen
451 615 494 641 se
516 603 696 654 recipere
720 602 923 654 prioribus
947 603 1031 641 iam
1053 603 1310 653 temporibus
1336 615 1360 641 a
1382 615 1477 653 rege
1500 603 1683 654 quodam

273 665 545 707 Macedonum
573 670 719 705 coacta
746 666 848 716 sitl).

404 730 596 769 Rhetoris
633 735 761 782 atque
789 730 1011 770 artificiose
1044 730 1208 771 videtur
1245 730 1346 770 mihi
1384 730 1547 771 dicendi
1574 731 1682 770 ratio

271 807 436 846 quoque
465 795 589 835 modo
619 795 895 847 composuerit
925 795 1181 834 narrationes
1210 795 1284 833 has
1313 794 1681 847 epistolographus‚

271 859 342 910 qui
367 870 464 900 mox
488 860 539 899 de
562 861 693 899 altera
714 860 879 911 regione
901 860 1029 901 verba
1051 860 1162 905 fecit,
1188 872 1285 898 mox
1309 860 1361 899 de
1384 861 1525 899 altera.
1575 861 1683 900 Item

274 922 406 962 utitur
425 923 557 975 primo
576 923 711 963 verbis
740 926 828 976 περὶ
854 925 923 976 τὴν
941 923 1262 977 Ἀμφιπολιτικὸν
1292 924 1418 972 τόπον,
1447 923 1595 964 deinde
1612 925 1682 975 τὴν

270 987 446 1027 Φυλλίδα
463 988 609 1040 χώραν,
628 989 805 1041 denique
823 990 892 1040 τὴν
908 990 950 1028 δὲ
962 988 1246 1041 Ἀμφιπολῖτιν,
1263 989 1517 1040 tamquamsi
1536 989 1682 1028 eadem

270 1051 380 1102 regio
412 1052 673 1103 intellegitur.
740 1053 926 1092 Eandem
958 1052 1153 1091 narrandi
1183 1052 1389 1092 rationem
1420 1052 1682 1091 conservavit

270 1119 413 1154 auctor
446 1115 580 1155 verbis
611 1129 718 1167 quae
748 1117 1069 1168 subsequuntur,
1102 1117 1241 1156 dicens
1272 1116 1453 1167 primum
1484 1115 1681 1167 Σπάρτην,

269 1184 361 1218 tum
403 1182 443 1219 ἐν
478 1180 653 1232 Σπάρτῃ,
696 1185 903 1231 postremo
944 1182 1013 1232 τὴν
1049 1181 1283 1232 Λακωνικήν
1317 1203 1369 1209 -·
1405 1183 1445 1220 ἐν
1479 1180 1682 1232 Παλλήνῃ,

269 1243 476 1283 Ποτιδαίαν
493 1245 535 1283 δὲ
550 1246 618 1283 καὶ
632 1246 701 1296 τὴν
718 1245 841 1296 ἀλλην
857 1244 1083 1297 Παλλήνην,
1099 1245 1276 1296 denique
1290 1245 1441 1284 iterum
1457 1245 1680 1296 Παλλήνην.

270 1308 440 1359 Pmpria
454 1322 619 1361 quoque
630 1310 666 1348 ei
680 1313 740 1348 est
755 1309 1037 1348 conscribendi
1052 1310 1159 1348 ratio
1175 1310 1293 1348 haec:
1313 1309 1683 1360 quotienscumque

270 1372 546 1413 nominaverit
582 1374 684 1415 duas
719 1375 915 1425 regiones,
953 1385 1077 1425 quem
1112 1373 1362 1412 interfecerit
1398 1385 1604 1426 quemque
1639 1374 1682 1412 in

272 1436 378 1475 illius
407 1438 496 1477 loeo
527 1438 708 1488 posuerit
739 1439 947 1484 Hercules,
979 1438 1169 1477 certiores
1200 1451 1273 1477 nos
1302 1438 1415 1477 facit.

375 1501 425 1539 In
433 1501 644 1552 Antipatri
661 1501 871 1553 scriptoris
887 1502 991 1543 libro
997 1502 1176 1552 epistula
1189 1502 1396 1540 Socratica
1407 1503 1529 1542 docet
1539 1505 1681 1541 actum

268 1575 355 1602 esse
376 1564 504 1603 etiam
526 1565 577 1604 de
599 1565 993 1616 Amphictyonibus;
1018 1578 1065 1603 ac
1088 1564 1268 1615 primum
1289 1565 1458 1616 quidem
1480 1566 1682 1616 epistulae

269 1632 413 1667 auctor
443 1640 494 1667 ex
525 1641 572 1667 eo
611 1629 713 1667 scire
744 1630 844 1674 vult,
888 1642 970 1681 quo
1001 1628 1124 1669 modo
1156 1629 1335 1680 primum
1365 1630 1568 1680 congressi
1598 1630 1682 1668 sint

268 1692 593 1743 Amphictyones
631 1693 730 1740 (τίνα
765 1693 904 1744 τρόπον
941 1699 1092 1743 πρῶτον
1121 1694 1155 1732 οἱ
1182 1692 1463 1744 Ἀμφικτύονες
1498 1694 1682 1744 συνέστη-

271 1758 382 1805 σαν);
411 1769 494 1807 qua
519 1757 571 1797 de
594 1769 638 1795 re
663 1757 696 1795 si
722 1757 920 1797 nonnulla
946 1757 1167 1803 attulisset,
1195 1757 1522 1810 haudquaquam
1547 1759 1680 1809 negle-

268 1821 402 1870 genda
430 1821 617 1866 fuissent,
646 1822 759 1872 quod
787 1833 920 1872 pauca
946 1826 1117 1860 tantum
1144 1834 1278 1872 neque
1303 1822 1448 1872 gravia
1475 1823 1682 1873 quaedam

267 1883 486 1935 scriptores
511 1885 673 1937 antiqui
698 1885 816 1926 nobis
840 1885 1110 1926 servaverint.
1162 1886 1218 1925 At
1243 1889 1550 1937 perscrutantes
1575 1899 1683 1938 quae

267 1949 398 1987 tradit
421 1949 642 1999 Antipater
665 1950 717 1988 de
741 1949 1097 2000 Amphictyonum
1120 1951 1412 1988 nonnullorum
1435 1950 1679 1995 rationibus,

269 2012 459 2052 videmus
492 2025 555 2051 res
589 2012 795 2052 fabulares
828 2013 1002 2052 insertas
1035 2024 1133 2059 esse,
1170 2017 1217 2051 ut
1249 2013 1378 2052 etiam
1410 2013 1467 2052 illi
1501 2014 1681 2064 primum

268 2076 623 2127 Amphictyonum
655 2089 917 2128 congressum
951 2076 1126 2116 testanti
1160 2076 1411 2117 diffidamus.
1479 2078 1681 2116 Attamen

268 2143 411 2178 auctor
446 2144 510 2179 est
546 2141 597 2180 de
632 2141 929 2192 antiquissimis
963 2141 1232 2192 temporibus,
1270 2153 1365 2179 cum
1401 2141 1451 2179 de
1487 2140 1678 2192 Phlegyis

269 2202 588 2256 Dryopibusque
610 2209 657 2244 ut
680 2205 1055 2257 Amphictyonibus
1077 2216 1307 2244 sermonem
1328 2204 1466 2244 faeiat.
1520 2205 1678 2257 Quibus

268 2268 319 2307 de
343 2267 475 2306 causis
500 2280 551 2306 ex
577 2269 932 2321 Amphictyonum
956 2281 1147 2308 consessu
1171 2269 1338 2320 digressi
1362 2269 1458 2314 sint,
1485 2268 1564 2307 hae
1589 2269 1678 2320 qui-

268 2332 362 2370 dem
384 2332 561 2383 epistula
584 2333 640 2372 nil
663 2333 775 2373 aliud
798 2334 1017 2373 exhibetur
1040 2334 1118 2373 nisi
1140 2346 1246 2385 quae
1269 2337 1427 2373 veteres
1453 2333 1497 2372 in
1516 2333 1679 2373 fabulas

267 2395 521 2442 intexeranu
558 2396 633 2435 has
668 2401 811 2436 autem
844 2402 987 2449 gentes
1022 2402 1189 2449 propter
1224 2397 1402 2448 maligna
1435 2401 1478 2435 et
1512 2399 1677 2443 scelera,

266 2472 374 2510 quae
412 2460 715 2508 commiserant,
756 2461 810 2502 ab
848 2461 1222 2513 Amphictyonibus
1261 2461 1417 2501 excisas
1455 2473 1544 2501 esse
1581 2474 1679 2501 vero

267 2526 344 2531 ⁵-
397 2544 430 2585 1)
454 2544 499 2577 cf.
532 2544 616 2577 Otto
642 2545 742 2583 Abel,
773 2545 1004 2579 Makedonien
1041 2556 1105 2579 vor
1134 2546 1258 2588 Konig
1287 2545 1434 2588 Philipp,
1471 2545 1566 2589 Lips.
1585 2546 1679 2585 1847,

264 2607 299 2640 p.
316 2596 370 2630 68.
395 2596 467 2630 144.
