2138 3299
984 342 1251 381 -14—

408 475 543 511 autern
574 471 672 510 mihi
703 482 786 510 non
809 470 1112 521 neglegendum
1142 469 1297 509 videtur
1325 469 1416 509 illos
1444 470 1688 516 tresfontes,
1718 481 1824 520 quos

409 535 562 585 priores
591 534 719 574 attulit
739 534 939 581 Lehrsius‚
970 534 1010 572 in
1042 533 1105 572 his
1132 532 1314 584 epistulis
1344 533 1422 573 iarn
1454 533 1658 572 adhibitos
1686 533 1822 572 fuisse.

911 640 948 680 3.
979 640 1051 680 De
1080 639 1320 681 Socrate.

535 715 593 755 Ex
623 716 711 767 ipsa
742 716 796 755 rei
826 720 967 756 natura
997 716 1177 767 sequitur
1205 715 1382 755 Socratis
1410 724 1625 766 personam
1661 719 1698 754 et
1727 714 1821 754 doc-

405 779 547 819 trinam
577 784 734 819 tantum
765 780 953 827 valuisse,
991 783 1033 819 ut
1061 780 1182 819 etiam
1222 780 1262 819 in
1293 779 1475 830 epistulis
1504 779 1575 826 eis,
1613 790 1718 829 quae
1746 777 1819 818 So-

407 844 561 885 craticis
576 844 857 892 attribuuntur,
873 844 1053 884 stuc'ium
1069 848 1364 884 converteretur
1378 843 1417 883 in
1432 843 1552 883 vitam
1570 845 1822 893 mortemque

406 908 512 947 illius
541 908 778 958 philosophi
809 912 991 948 accurate
1022 907 1318 948 describendas.
1362 906 1455 955 Qua
1485 908 1525 946 in
1556 918 1595 947 re
1625 907 1820 957 permulta

404 983 510 1023 quae
540 972 580 1012 in
611 972 731 1012 variis
760 972 944 1024 epistulis
974 972 1233 1013 inveniuntur
1261 972 1312 1012 de
1342 971 1434 1020 vita,
1472 971 1636 1019 familia,
1667 970 1819 1018 amicis,

405 1036 668 1087 philosophia
717 1036 897 1086 magistri
946 1048 995 1076 ex
1043 1037 1132 1076 aliis
1183 1037 1303 1076 etiarn
1347 1037 1609 1087 scriptoribus
1650 1036 1821 1080 scimus;

405 1103 444 1140 at
471 1112 568 1141 vero
598 1100 797 1140 nonnulla
829 1105 1054 1146 occurrunt,
1085 1112 1190 1152 quae
1221 1101 1316 1141 alibi
1345 1101 1486 1141 frustra
1516 1111 1697 1151 quaeras.
1731 1099 1820 1139 Plu-

405 1165 528 1203 rimae
543 1176 616 1210 res,
648 1175 753 1214 quae
771 1164 955 1215 epistulis
975 1169 1194 1212 narrantur,
1224 1165 1275 1204 ad
1292 1165 1467 1204 Socratis
1487 1164 1574 1203 dies
1594 1169 1822 1215 postremos

404 1230 639 1280 spectant1).
697 1228 888 1276 Adhoc2)
926 1240 975 1268 ex
1003 1228 1175 1279 epistula
1205 1229 1229 1268 7
1259 1228 1545 1280 comperimus,
1582 1239 1664 1278 quo
1695 1227 1820 1268 modo

404 1292 591 1332 Socrates
628 1292 788 1341 triginta
827 1292 1000 1332 virorum
1032 1293 1213 1332 consiliis
1242 1293 1433 1339 restiterit,
1472 1292 1698 1342 eademque
1737 1291 1819 1341 epi-

405 1356 507 1396 stula
537 1355 686 1396 Leonis
710 1355 905 1396 Salamini
936 1356 1249 1408 comprehensio
1278 1356 1431 1396 eisdem
1462 1355 1541 1396 fere
1570 1356 1702 1395 verbis
1731 1355 1819 1395 des·

406 1421 569 1460 cribitur
597 1425 719 1471 atque
750 1415 789 1459 in
812 1421 922 1460 libris
942 1421 1121 1460 Platonis
1151 1421 1273 1472 (apol.
1294 1421 1345 1459 32
1363 1420 1451 1469 CD)
1480 1425 1519 1460 et
1537 1420 1821 1471 Xenophontis

407 1485 583 1535 (Hellen.
602 1484 683 1532 113,
700 1484 790 1532 39);
820 1485 890 1524 sed
922 1485 1161 1536 explicatius
1190 1496 1311 1536 quam
1343 1485 1443 1524 locis
1473 1485 1600 1524 citatis
1630 1484 1819 1535 epistolo-

403 1550 583 1599 graphus
613 1550 686 1588 has
723 1560 785 1588 res
815 1549 983 1599 digessit
1012 1549 1234 1589 Chariclem
1273 1548 1534 1588 introducens
1570 1549 1817 1599 loquentem.

403 1612 584 1664 Epistula
619 1613 678 1661 14,
725 1624 804 1663 qua
841 1612 1017 1653 Socratis
1053 1613 1257 1653 accusatio
1297 1613 1384 1663 ipsa
1421 1614 1619 1659 tractatur,
1662 1612 1818 1651 etiamsi

403 1676 574 1727 plurima
613 1688 662 1716 ex
691 1676 870 1716 Platonis
906 1677 968 1716 vel
1007 1677 1095 1716 aliis
1131 1677 1287 1727 scriptis
1322 1681 1506 1727 excerpta
1545 1687 1634 1716 esse
1672 1676 1819 1726 cuique

402 1741 533 1780 statim
585 1741 766 1788 occurrit,
815 1741 954 1792 primis
996 1741 1129 1781 verbis
1172 1740 1369 1781 nonnulla
1412 1740 1517 1780 dicta
1560 1744 1664 1788 sunt,
1713 1751 1818 1791 quae

402 1805 626 1845 omittenda
656 1816 740 1845 non
772 1805 995 1845 videantur.
1025 1805 1223 1845 Certiores
1253 1816 1330 1845 nos
1358 1805 1451 1845 facit
1479 1804 1648 1856 scriptor
1677 1805 1816 1843 harum

401 1869 616 1909 litterarum
648 1869 698 1908 de
726 1868 859 1921 Anyto
889 1874 928 1909 et
956 1869 1121 1916 Meleto,
1152 1870 1221 1920 qui
1249 1868 1455 1909 Socratem
1486 1869 1681 1909 criminati
1712 1870 1817 1916 sunt,

401 1933 473 1973 sed
504 1931 726 1984 Lyconis³)‚
756 1934 825 1984 qui
856 1933 963 1973 idem
987 1933 1280 1985 philosophum
1311 1933 1633 1984 compellaverat,
1664 1933 1816 1972 mentio

402 2008 484 2037 non
516 1997 571 2037 fit.
602 1997 661 2037 Ex
686 2009 734 2038 ea
764 2009 816 2045 re,
847 1998 959 2049 quod
980 1997 1199 2050 Polycratis
1228 1998 1356 2038 oratio
1378 2008 1468 2051 vera
1486 2008 1587 2050 ¹esse
1617 1997 1816 2037 existima-

402 2062 530 2110 batur,
575 2062 954 2112 epistolographum
1000 2073 1062 2101 res
1106 2064 1288 2102 accurate
1330 2073 1413 2101 non
1452 2072 1655 2112 cognosse
1691 2063 1816 2112 patet;

402 2137 538 2176 neque
567 2137 660 2165 vero
698 2126 821 2166 hodie
858 2125 1028 2165 dubium
1066 2131 1137 2173 est,
1176 2126 1274 2177 quin
1313 2126 1412 2166 haec
1440 2125 1659 2178 Polycratis
1688 2125 1816 2165 oratio

401 2192 567 2231 demum
597 2202 631 2230 a.
662 2190 740 2229 393
771 2201 806 2230 a.
837 2190 927 2230 Chr.
959 2192 1038 2230 nat.
1069 2190 1294 2241 conscripta
1324 2201 1413 2230 esse
1442 2189 1621 2242 possit⁴).

535 2276 567 2315 1)
591 2285 668 2317 epp.
700 2275 751 2306 14.
781 2276 833 2306 15.
862 2276 913 2306 16.
941 2276 993 2306 17.

531 2328 566 2370 2)
590 2328 719 2360 Paucis
736 2324 853 2360 verbis
873 2330 998 2361 auctor
1019 2328 1121 2370 epist..
1140 2328 1160 2359 3
1183 2327 1422 2360 demonstrare
1443 2328 1479 2359 in
1509 2327 1628 2360 animo
1651 2326 1815 2360 habuisse

399 2381 543 2414 videtur
567 2381 749 2414 Socratem
771 2381 904 2423 proelio
928 2381 1086 2413 Deliensi
1108 2380 1168 2421 (cf.
1194 2381 1285 2413 Plat.
1308 2380 1429 2423 Symp.
1447 2382 1514 2413 219
1526 2380 1571 2421 Ε)
1596 2380 1797 2413 interfuisse
1805 2390 1813 2417 ;

400 2444 469 2477 quo
492 2434 573 2467 loco
596 2433 778 2466 Socratem
800 2433 881 2466 illos
904 2434 1053 2466 iuvenes
1076 2434 1290 2476 cognovisse
1312 2433 1428 2466 finxit.

531 2489 566 2528 3)
589 2487 680 2520 Plan.
705 2487 796 2530 apol.
823 2487 914 2520 2313.
943 2488 1035 2520 36A.
1063 2486 1242 2529 Hermipp.
1263 2487 1358 2529 apud
1382 2487 1485 2529 Diog.
1514 2486 1552 2519 L.
1565 2487 1602 2519 11
1615 2488 1676 2525 383
1704 2486 1749 2520 cf.
1774 2486 1813 2519 C.

400 2541 454 2573 Fr.
482 2541 672 2578 Hermann,
700 2542 752 2573 De
781 2540 936 2573 Socratis
960 2540 1236 2577 accusatoribus,
1259 2540 1353 2572 Diss.
1377 2540 1476 2573 Gott.
1492 2541 1590 2577 1854,
1614 2551 1646 2582 p.
1668 2541 1720 2574 1³.

530 2595 565 2634 4)
590 2594 660 2627 vid.
694 2594 860 2634 Lehnert,
891 2595 1061 2627 Bursians
1083 2594 1285 2627 Jahresber.
1322 2594 1420 2629 1909,
1450 2605 1483 2636 p.
1503 2594 1569 2627 259
1579 2604 1628 2636 sq.
1654 2593 1812 2635 (Rhetor-

399 2649 508 2681 Liter.
532 2648 586 2680 bis
613 2649 726 2691 1906).
