2138 3299
883 314 1141 357 -51-

305 441 480 492 Πλάτων,
509 445 551 484 ὃν
572 443 818 491 Σπεύσιππός
846 457 942 495 φησι
961 444 1140 496 φίλτατον
1166 445 1257 484 ὄντα
1276 442 1502 496 Ἀρχελάῳ,
1532 441 1714 495 Φιλίππῳ

305 515 373 560 τῆς
401 510 597 561 βασιλείας
627 511 744 548 αἴτιον
764 509 961 560 γενέσθαι.
995 508 1140 560 Γράφει
1167 508 1496 560 γοῦν’Καρύστιος
1524 509 1544 547 ὁ
1563 507 1714 559 Περγα-

306 574 423 624 μηνὸς
465 575 505 614 ἐν
547 579 623 621 τοῖς
670 572 893 624 Ἱστορικοῖς
935 571 1225 625 Ὑπομνήμασιν
1267 575 1386 619 οὕτως
1415 586 1422 594 ·
1453 573 1714 619 Σπεύσιππος,

304 638 594 690 πυνθανόμενος
621 637 814 676 Φίλιππον
851 637 1093 689 βλασφημεῖν
1121 638 1209 687 περὶ
1237 635 1455 685 Πλάτωνος,
1485 637 1537 684 εἰς
1565 638 1713 676 ἐπιστο-

304 701 376 753 λὴν
416 702 563 754 ἔγραψέ
603 715 637 741 τι
675 708 856 748 τοιοῦτον,
903 703 1035 753 ὥσπερ
1076 702 1307 753 ἀγνοοῦντας
1345 702 1432 747 τοὺς
1471 701 1714 752 ἀνθρώπους,

305 767 360 805 ὅτι
388 769 456 806 καὶ
483 768 553 817 τὴν
582 768 710 818 ἀρχὴν
738 772 806 817 τῆς
835 766 1032 819 βασιλείας
1051 766 1242 812 Φίλιππος
1271 767 1334 805 διὰ
1352 765 1559 812 Πλάτωνος
1588 767 1714 817 ἔσχεν.

304 829 499 882 Εὐφραῖον
528 833 604 882 γὰρ
634 830 837 871 ἀπέστειλε
865 832 928 871 τὸν
949 829 1133 882 Ὠρείτην
1162 832 1257 882 πρὸς
1285 829 1510 882 Περδίκκαν
1539 829 1714 879 Πλάτων,

307 895 348 941 ὃς
365 896 516 935 ἔπεισεν
532 896 766 947 ἀπομερίσαι
784 897 867 935 τινὰ
882 896 1015 948 χώραν
1030 895 1224 947 Φιλίππῳ.
1254 895 1474 946 Διατρέφων
1491 896 1524 934 δ’
1542 896 1715 935 ἐνταῦθα

306 959 477 1011 δύναμιν,
500 960 550 1006 ὡς
565 960 744 999 ἀπέθανε
758 959 992 1011 Περδίκκας,
1013 959 1054 1007 ἐξ
1069 961 1218 1012 ἑτοίμου
1235 961 1433 1011 δυνάμεως
1449 960 1713 1012 ὑπαρχούσης,

305 1022 472 1061 ἐπέπεσε
500 1030 576 1070 τοῖς
604 1024 818 1076 πράγμασι.
855 1025 1017 1076 Carysti
1045 1025 1285 1075 Pergameni
1312 1025 1441 1063 verba
1468 1025 1715 1065 conferenda

304 1092 401 1126 sunt
430 1099 525 1127 cum
553 1089 753 1139 epistulae
775 1089 1007 1128 Socraticae
1033 1089 1280 1140 paragraphi
1307 1089 1593 1128 duodecimae:
1623 1101 1715 1126 πυν-

305 1151 476 1203 θάνομαι
495 1152 538 1190 δὲ
557 1153 625 1190 καὶ
643 1150 872 1204 Θεόπομπον
892 1152 984 1203 παρ’
1001 1153 1086 1205 ὑμῖν
1107 1154 1175 1204 μὲν
1200 1153 1307 1199 εἶναι,
1327 1152 1428 1191 πάνυ
1449 1152 1608 1204 ψυχρόν,
1629 1154 1716 1203 περὶ

305 1215 348 1253 δὲ
364 1215 570 1262 Πλάτωνος
585 1216 839 1268 βλασφημεῖν,
856 1217 1059 1255 καὶταῦτα
1074 1218 1206 1268 ὥσπερ
1223 1218 1267 1255 οὐ
1281 1216 1488 1263 Πλάτωνος
1502 1217 1571 1267 τὴν
1588 1217 1715 1268 ἀρχὴν

303 1285 371 1330 τῆς
387 1281 512 1331 ἀρχῆς
527 1281 589 1319 ἐπὶ
604 1279 807 1332 Περδίκκᾳ
826 1281 1197 1326 κατασκευάσαντος
1217 1282 1284 1319 καὶ
1305 1281 1368 1320 διὰ
1389 1280 1520 1326 τέλους
1534 1281 1716 1332 χαλεπῶς

304 1344 493 1394 φέροντος,
541 1345 576 1383 εἴ
606 1358 640 1382 τι
673 1344 796 1396 γίνετο
832 1344 925 1396 παρ’
963 1346 1048 1396 ὑμῖν
1085 1344 1279 1396 ἀνήμερον
1316 1346 1341 1395 ἢ
1377 1346 1429 1396 μὴ
1466 1344 1712 1396 φιλάδελφον.

310 1408 416 1459 Quia
443 1409 484 1447 hi
512 1409 589 1448 loci
615 1409 723 1448 inter
750 1422 792 1448 se
819 1410 931 1448 haud
959 1410 1137 1449 multum
1164 1410 1412 1461 discrepant,
1441 1409 1635 1461 permulti
1662 1432 1714 1437 —

304 1472 484 1523 primum
508 1473 591 1512 Leo
616 1473 792 1512 Allatius
817 1474 893 1511 hoc
919 1473 1100 1513 ostendit
1125 1496 1178 1501 -—
1205 1473 1481 1524 Speusippum
1505 1486 1591 1513 esse
1617 1485 1712 1512 auc-

303 1540 436 1576 torem
463 1537 584 1576 huius
610 1537 810 1588 epistulae
836 1538 1149 1578 contenderunt.
1204 1538 1347 1589 Neque
1374 1550 1471 1578 vero
1496 1538 1596 1577 haec
1623 1550 1712 1577 sen-

306 1601 438 1639 tentia
466 1602 538 1640 diu
568 1601 712 1639 valuit.
776 1601 881 1640 Sunt
912 1602 984 1652 qui
1013 1602 1211 1652 epistulas
1239 1602 1324 1641 iam
1352 1602 1422 1640 illa
1452 1606 1589 1641 aetate
1620 1614 1713 1641 con-

303 1664 477 1716 scriptas
496 1677 582 1704 esse
601 1665 769 1706 omnino
787 1665 967 1715 nolint1).
1010 1665 1225 1705 Subtiliter
1243 1665 1435 1717 idemque
1453 1665 1713 1716 diligentissi-

304 1740 368 1766 me
389 1729 478 1766 illos
500 1729 609 1767 locos
631 1741 875 1779 comparans
896 1729 980 1767 iam
1002 1730 1373 1777 Westermannus2)
1395 1730 1594 1768 iudicavit
1620 1742 1715 1774 „eos

303 1791 410 1831 inter
430 1804 473 1831 se
493 1792 724 1844 discrepare
745 1793 924 1832 multum
943 1793 1005 1832 ita
1025 1797 1085 1839 ut,
1107 1793 1140 1832 si
1161 1794 1260 1833 haec
1282 1806 1446 1845 quoque
1465 1792 1519 1832 sit
1541 1793 1716 1845 epistola

306 1855 536 1906 Speusippi,
565 1857 699 1907 plures
727 1861 835 1895 certe
862 1858 916 1895 ad
943 1858 1181 1908 Philippum
1208 1858 1433 1898 credendus
1459 1858 1513 1896 sit
1540 1858 1712 1896 dedisse.

303 1919 479 1960 Obstare
516 1920 645 1959 totius
676 1920 873 1972 epistolae
902 1921 1096 1961 habitum
1126 1926 1167 1961 et
1199 1925 1506 1972 argumentum,
1550 1934 1715 1973 quaque

303 1985 534 2024 redundare
554 1985 826 2024 eruditionem
846 1986 947 2024 satis
968 1986 1172 2036 putidam,
1194 1999 1367 2037 eamque
1388 1998 1460 2026 nec
1486 1986 1714 2037 Speusippo

302 2049 470 2099 dignam
497 2061 570 2089 nec
599 2049 799 2101 Philippo.
847 2049 1071 2088 Rhetorem
1098 2049 1236 2100 potius
1264 2061 1408 2100 sapere
1434 2050 1713 2089 invectionem

301 2113 344 2151 in
363 2113 626 2152 Isocratem“.
653 2112 964 2153 Recentioribus
979 2114 1235 2163 temporibus
1253 2114 1321 2152 alii
1339 2113 1420 2152 alia
1436 2113 1711 2163 protulerunt,

303 2176 453 2227 quibus
481 2176 757 2228 Speusippum
781 2189 864 2218 non
889 2189 974 2216 esse
1000 2177 1246 2226 auctorem³)
1271 2177 1590 2222 demonstretur,
1617 2189 1713 2216 cum

430 2260 463 2303 1)
486 2260 731 2300 WilamowitZ‚
756 2261 958 2304 Antigouos
980 2271 1052 2293 von
1075 2261 1258 2304 Karystos,
1284 2261 1378 2299 1881,
1404 2271 1439 2303 p.
1457 2261 1527 2293 151.
1556 2261 1625 2294 182.

428 2314 464 2355 2)
489 2314 544 2347 De
569 2314 795 2356 epistolarum
818 2315 1046 2357 scriptoribus
1066 2315 1211 2358 graecis,
1234 2314 1315 2354 Vn,
1335 2326 1368 2358 p.
1385 2314 1425 2347 15
1434 2325 1485 2357 sq.

429 2367 464 2408 3)
487 2367 639 2401 Maxime
669 2367 776 2411 digna
805 2378 895 2411 quae
926 2372 1245 2402 commemorentur
1275 2371 1369 2408 sunt,
1401 2378 1491 2411 quae
1516 2369 1715 2402 attulerunt

302 2422 326 2454 J
328 2421 458 2454 acobus
473 2421 633 2465 Bernays
649 2425 683 2454 et
699 2422 754 2454 Fr.
774 2422 962 2461 Susemiffl,
987 2433 1137 2465 quorum
1160 2423 1250 2455 alter
1273 2422 1448 2463 (Phokion
1464 2433 1499 2455 u.
1516 2433 1543 2456 s.
1559 2433 1714 2455 neueren

302 2474 509 2515 Beurteiler,
536 2475 627 2516 1881,
651 2486 682 2519 p.
702 2475 778 2517 116)
802 2478 923 2510 monet
946 2476 1271 2520 epistolographum
1294 2475 1458 2509 adhibere
1483 2476 1641 2510 voluisse
1665 2476 1715 2509 di-

302 2539 421 2562 versas
446 2530 609 2563 vocabuli
640 2532 722 2574 ἀρχή
752 2531 916 2564 notiones
945 2549 980 2554 —
1008 2541 1097 2574 quae
1127 2533 1204 2564 erat
1232 2530 1343 2563 forma
1374 2531 1547 2564 rhetorica
1577 2531 1647 2563 iam
1671 2530 1714 2563 ab

302 2582 492 2616 Aristotele
516 2583 634 2624 (Rhet.
661 2584 728 2616 111.
743 2585 799 2626 11)
823 2586 1095 2617 commemorata
1117 2600 1152 2605 —
1173 2586 1448 2617 commutantem
1464 2583 1572 2617 verba
1587 2583 1714 2627 quibus

304 2646 387 2669 usus
411 2641 482 2668 erat
507 2636 723 2680 Speusippus
753 2639 788 2670 in
820 2639 972 2681 epistula
1003 2648 1099 2672 vera:
1133 2641 1181 2672 ὅτι
1203 2640 1252 2671 καὶ
1275 2641 1331 2682 τὴν
1354 2640 1463 2682 ἀρχὴν
1478 2643 1537 2682 τῆς
1552 2639 1716 2680 βασιλείας
