2138 3299
987 350 1033 356 ..
1093 325 1145 366 88
1200 349 1252 355 --

402 467 439 493 a.
472 458 548 496 357
576 454 798 506 epistulam
824 454 908 495 iam
933 454 1134 507 scriptam
1159 467 1246 495 esse
1272 468 1321 495 eo
1347 459 1534 508 tempore
1559 469 1643 509 quo
1670 456 1750 497 Dio
1776 457 1820 497 in

404 520 506 559 urbe
547 520 900 570 Syracusanorum
938 520 1201 560 versabatur:
1242 519 1464 572 epistulam
1501 520 1612 560 enim
1650 520 1818 561 missam

400 596 488 622 esse
507 584 561 624 ad
582 583 771 630 Dionem,
793 588 1018 637 postquam
1037 583 1319 637 principatum
1339 588 1550 625 assecutus
1568 588 1645 631 est,
1667 585 1816 632 verbis,

400 660 508 699 quae
529 647 701 700 legimus
724 649 775 689 de
797 648 1041 689 Philistione
1061 653 1105 688 et
1125 650 1354 689 Echecrate
1375 649 1646 696 dimittendis,
1670 649 1817 689 confir-

403 713 590 763 matur1).
646 712 688 753 Si
713 712 839 765 igitur
865 717 1010 754 auctor
1034 713 1237 767 epistulae
1260 714 1455 755 extremis
1480 714 1616 756 verbis
1642 713 1819 755 Dionem

401 777 573 829 eiusque
595 777 749 817 amicos
771 782 820 817 ut
839 778 1025 818 scribant
1045 779 1098 819 de
1119 779 1272 818 auxilio
1293 779 1535 820 arcessendo
1557 779 1816 825 adhortatur,

404 841 580 882 fortasse
603 846 778 894 apparet
802 842 946 882 Dionis
969 842 1189 894 imperium
1211 847 1313 883 tunc
1335 843 1458 883 firmo
1480 847 1597 884 statu
1620 842 1816 891 caruisse:

402 907 524 947 simili
551 908 713 947 ratione
740 912 882 947 autem
912 907 1166 959 Speusippus
1193 907 1363 947 consilia
1389 912 1433 947 et-
1459 909 1570 949 bona
1597 912 1819 959 praecepta

402 972 455 1012 ad
471 974 724 1022 potestatem
738 975 849 1010 recte
864 971 1145 1012 adhibendam
1159 971 1358 1011 obtulisse
1372 971 1550 1012 videtur.
1582 971 1818 1023 Epistulam

402 1035 540 1087 igitur,
573 1048 701 1087 quam
730 1036 903 1077 dederat
933 1036 1013 1075 Dio
1044 1040 1169 1075 antea
1201 1035 1445 1088 Speusippo,
1477 1036 1591 1076 brevi
1623 1039 1721 1075 ante
1751 1036 1817 1075 vel

401 1103 496 1150 post
517 1099 826 1151 expeditionem
847 1099 1088 1140 inchoatam
1109 1100 1308 1152 scriptam
1328 1112 1417 1139 esse
1437 1099 1538 1152 fingi
1561 1112 1659 1140 vero
1681 1099 1816 1152 proxi-

400 1176 517 1203 mum
537 1176 625 1203 esse
646 1163 823 1205 videtur.
873 1165 965 1217 Qua
993 1165 1044 1205 de
1072 1177 1116 1204 re
1137 1177 1281 1205 censeo
1302 1164 1526 1216 epistulam
1547 1167 1598 1205 35
1620 1164 1730 1205 Socr.
1754 1177 1814 1203 ca.

400 1241 558 1267 annum
587 1232 661 1269 357
691 1229 970 1280 conscriptam
996 1241 1084 1268 esse
1111 1229 1225 1281 fingi.

533 1293 693 1334 Eodem
711 1294 848 1340 modo,
868 1307 952 1346 quo
969 1292 1172 1346 epistulae
1191 1296 1242 1334 35
1258 1292 1350 1346 quis
1367 1292 1423 1333 sit
1441 1296 1585 1333 auctor
1603 1293 1657 1334 ad
1675 1305 1816 1346 quem-

399 1370 480 1408 que
503 1356 628 1396 missa
649 1357 835 1409 fingatur
864 1358 1136 1409 contemplati
1158 1370 1313 1404 sumus,
1345 1358 1396 1399 de
1417 1358 1597 1410 epistula
1620 1360 1670 1398 36
1692 1370 1816 1410 quae-

397 1433 548 1468 remus,
574 1421 640 1462 cui
664 1422 940 1470 vindicemus;
965 1423 1079 1475 quod
1102 1423 1216 1464 haud
1239 1423 1420 1463 multum
1443 1422 1616 1475 praebet·
1638 1421 1816 1463 difficul-

398 1485 513 1531 tatiS‚
538 1486 637 1537 quia
659 1486 782 1526 hodie
804 1486 979 1526 dubium
1000 1500 1086 1525 non
1106 1491 1183 1533 est,
1206 1486 1358 1538 quibus
1380 1486 1616 1526 nominibus
1637 1485 1817 1537 epistula

398 1549 655 1602 praescripta
687 1549 831 1597 fuerit;
866 1563 1001 1603 neque
1033 1550 1144 1591 enim
1177 1551 1307 1590 ullum
1339 1550 1512 1593 effugiet
1546 1550 1816 1602 Rudolphum

401 1613 598 1659 Here-her,
640 1614 712 1665 qui
746 1614 955 1665 inscripsit
988 1616 1063 1654 has
1096 1615 1257 1653 litteras
1292 1615 1388 1654 Δίων
1417 1614 1654 1665 Σπευσίππῳ
1695 1614 1817 1653 valde

400 1690 569 1724 errasse,
597 1690 692 1717 cum
717 1678 783 1717 hic
808 1678 1151 1719 familiarissimus
1176 1682 1220 1718 et
1245 1678 1492 1720 Academiae
1516 1682 1559 1718 et
1585 1677 1748 1718 Platoni
1773 1682 1817 1717 et

403 1741 635 1793 Speusippo
677 1754 944 1794 nequaquam
985 1742 1030 1781 in
1071 1742 1363 1795 philosophum
1403 1743 1513 1782 hunc
1555 1742 1816 1782 inveheretur

397 1805 552 1846 talibus
576 1805 806 1858 opprobriis
830 1811 874 1847 et
898 1806 1132 1857 ludibriis²).
1181 1807 1323 1848 Unum
1346 1811 1390 1847 et
1412 1807 1546 1847 solum
1569 1805 1816 1858 Dionysium

397 1869 599 1910 minorem
620 1872 728 1910 hanc
751 1871 974 1923 epistulam
996 1871 1324 1911 conscribentem
1346 1871 1495 1911 fictum
1515 1884 1603 1910 esse
1624 1883 1698 1910 nos
1721 1883 1815 1910 con-

397 1935 541 1976 cedere
565 1938 748 1987 oportet:
775 1936 976 1976 habemus
999 1935 1111 1975 enim
1134 1936 1333 1975 nonnulla
1354 1935 1605 1988 scriptorum
1627 1938 1816 1975 veterum

396 1999 651 2046 testimonia,
681 2012 733 2039 ex
749 1999 900 2051 quibus
923 2000 1058 2039 elucet
1074 1999 1190 2039 varia
1218 2013 1326 2052 quae
1340 1999 1520 2051 epistula
1537 2003 1587 2039 36
1605 1998 1816 2039 Socratica

397 2062 441 2101 in
460 2063 596 2102 lucem
616 2064 780 2114 prolata
799 2066 912 2109 sunt,
933 2062 1142 2103 simillima
1161 2063 1336 2103 inveniri
1356 2063 1401 2103 in
1419 2062 1605 2115 epistulis
1627 2061 1815 2114 Dionysii

399 2127 453 2168 ad
481 2126 760 2179 Speusippum
785 2127 908 2168 datis.
959 2127 1149 2178 Legimus
1173 2127 1284 2167 enim
1309 2128 1421 2179 apud
1445 2128 1707 2168 Athenaeum
1731 2126 1813 2166 VII

396 2204 434 2241 p.
457 2194 532 2230 279
550 2192 603 2230 E:
639 2192 687 2242 ἦν
718 2193 786 2229 καὶ
821 2191 1069 2238 Σπεύσιππος
1096 2193 1117 2231 ὁ
1145 2191 1352 2238 Πλάτωνος
1388 2193 1584 2243 ἀκουστὴς
1618 2193 1687 2230 καὶ
1724 2205 1814 2242 συγ-

394 2255 509 2306 γενής
526 2267 535 2276 ·
552 2255 749 2301 Διονύσιος
776 2262 868 2306 γοῦν
897 2256 917 2294 ὁ
945 2257 1128 2307 τύραννος
1157 2258 1196 2295 ἐν
1225 2262 1308 2303 ταῖς
1336 2258 1431 2307 πρὸς
1453 2258 1567 2295 αὐτὸν
1597 2256 1815 2302 ἐπιστολαῖς

394 2321 463 2358 καὶ
497 2322 545 2358 τὰ
581 2326 650 2370 τῆς
685 2319 908 2370 φιληδονίας
942 2322 1059 2359 αὐτοῦ
1096 2320 1383 2372 διεξερχόμενος
1417 2322 1471 2359 ἔτι
1504 2334 1546 2359 τε
1581 2326 1650 2371 τῆς
1677 2320 1814 2370 φιλαρ-

394 2384 529 2435 γυρίας
558 2384 812 2434 ἐρανίζεσθαί
846 2397 887 2422 τε
915 2386 1024 2435 παρὰ
1060 2385 1214 2424 πολλῶν
1250 2386 1364 2424 αὐτὸν
1401 2385 1608 2437 διελέγχων
1642 2384 1816 2432 ὀνειδίζει

394 2449 464 2487 καὶ
498 2449 562 2486 τὸν
591 2447 837 2494 Λασθενείας
871 2454 940 2499 τῆς
969 2448 1210 2501 Ἀρκαδικῆς
1246 2449 1401 2501 ἑταίρας
1435 2451 1562 2501 ἔρωτα
1598 2450 1660 2488 ἐπὶ
1696 2449 1813 2487 πᾶσίν

526 2545 560 2586 1)
584 2543 785 2587 Utrumque
799 2543 894 2587 apud
910 2543 1122 2588 Dionysium
1137 2545 1175 2578 ΙΙ
1196 2548 1374 2579 moratum
1393 2547 1476 2588 post
1489 2555 1610 2588 regem
1626 2544 1814 2588 expulsum

394 2598 613 2631 domicilium
636 2608 707 2630 non
731 2600 889 2630 mutasse
915 2598 1102 2631 verisimile
1125 2599 1210 2631 mihi
1232 2598 1384 2632 videtur.

524 2652 559 2694 2)
583 2651 628 2686 cf.
654 2651 763 2685 etiam
787 2650 912 2689 Ritter,
935 2662 967 2695 p.
986 2651 1108 2696 383sq.
