2138 3299
892 317 1158 357 -50-

317 445 538 497 ἀπολογίας,
586 444 834 496 κατηγορίας,
903 446 1079 497 (Lysiae,
1148 446 1376 498 Polycratis
1443 447 1730 501 aliorumque),

317 510 528 560 διαλόγους,
583 509 984 561 ἀπομνημονεύματα,
1034 510 1294 562 μονογραφίας
1346 511 1581 551 Aristoxeni
1629 511 1733 560 (Βίος

316 573 577 624 Σωκράτους),
623 574 834 615 Idomenei
876 578 917 613 et
960 575 1143 615 Phaniae
1189 576 1293 626 (περὶ
1328 580 1404 614 τῶν
1437 574 1730 626 Σωκρατικῶν),

315 638 514 678 Demetrii
545 638 730 679 Phalerei
766 639 823 688 (ἐν
865 639 916 690 τῷ
945 638 1146 690 Σωκράτει
1185 640 1293 679 Plut.
1330 640 1498 680 Aristid.
1530 652 1562 678 c.
1591 643 1623 679 l.
1648 643 1728 690 27).

315 702 613 754 Peripateticos
651 703 917 755 philosophos
954 704 1216 756 potissimum
1253 704 1307 744 ad
1346 704 1526 744 Socratis
1563 704 1732 756 eiusque

314 767 611 819 discipulorum
647 768 813 808 laudem
849 768 1151 809 detrahendam
1187 769 1367 809 multum
1403 782 1549 820 operae
1586 773 1730 809 contu-

314 832 408 871 lisse
427 832 531 871 satis
553 836 729 873 constat.
781 833 902 884 Quod
924 833 977 872 ad
998 833 1227 873 sententias
1248 837 1289 873 et
1312 837 1534 885 praecepta
1554 833 1730 885 philoso-

315 897 493 947 phorum
519 897 685 941 attinet,
714 897 897 947 antiquis
924 897 1181 948 temporibus
1207 898 1320 936 haud
1346 898 1467 948 pauci
1493 898 1599 943 libri,
1627 910 1731 949 quos

311 960 511 1010 inspicere
544 963 772 1010 potuerunt
805 961 1141 1012 epistolographi,
1174 961 1499 1012 reperiebantur,
1534 965 1580 1000 ut
1614 962 1732 1001 varia

311 1023 480 1073 scripta,
522 1036 629 1074 quae
666 1028 785 1063 erant
834 1026 921 1075 περὶ
966 1025 1189 1071 κολακείας,
1235 1025 1372 1075 φιλίας,
1413 1026 1543 1076 ὀργῆς,
1592 1025 1729 1076 λύπης,

311 1093 597 1139 χρηματισμοῦ,
639 1087 836 1139 βασιλείας
878 1093 919 1127 et
959 1094 1036 1128 cet.
1095 1090 1160 1129 Ad
1197 1089 1488 1129 illustrandam
1525 1090 1730 1130 rationem

312 1151 553 1202 cynicorum
592 1152 763 1192 Luciani
803 1166 968 1204 quoque
1011 1153 1309 1194 Samosatensis
1349 1153 1474 1194 libros
1515 1154 1569 1193 ad
1608 1167 1729 1193 usum

314 1228 533 1256 conversos
561 1229 648 1256 esse
676 1229 774 1256 vero
802 1218 1038 1268 proximum
1066 1222 1140 1257 est.

834 1387 976 1437 Pars
1011 1387 1208 1437 altera.

450 1495 658 1546 Quaeram
673 1496 749 1534 hoc
768 1496 904 1545 capite
920 1496 972 1535 de
988 1496 1166 1547 epistula
1181 1496 1389 1535 tricesima
1405 1496 1459 1535 ad
1476 1496 1727 1547 Philippum,

311 1571 450 1610 regem
474 1559 761 1605 Macedonum,
788 1560 926 1606 missa,
953 1573 1059 1612 quae
1083 1560 1205 1600 valde
1230 1561 1506 1601 memorabilis
1531 1564 1606 1607 est,
1633 1573 1728 1600 cum

311 1636 396 1663 non
424 1624 548 1662 modo
574 1624 842 1663 inveniantur
869 1627 1099 1674 permultae
1125 1637 1201 1669 res,
1231 1617 1417 1675 quae'ad
1443 1625 1659 1663 historiam
1686 1629 1726 1663 et

312 1687 529 1726 historiam
555 1687 787 1727 fabularem
814 1688 1035 1738 pertinent,
1063 1688 1136 1728 sed
1161 1689 1289 1728 etiam
1315 1688 1477 1739 copiose
1504 1692 1651 1738 agatur
1677 1689 1728 1728 de

310 1751 418 1789 illius
452 1752 602 1789 aetatis
635 1751 944 1790 condicionibus
977 1756 1104 1802 atque
1135 1752 1431 1797 simultatibus,
1465 1765 1572 1802 quae
1604 1753 1727 1790 exsti-

311 1815 438 1855 terint
459 1815 567 1855 inter
589 1815 698 1854 viros
720 1815 839 1855 nobis
861 1815 1029 1855 minime
1049 1816 1223 1865 ignotos.
1275 1815 1367 1867 Qua
1387 1815 1439 1854 de
1460 1827 1584 1854 causa
1605 1816 1725 1855 multi

310 1879 388 1917 viri
418 1879 544 1924 docti,
576 1884 623 1917 ut
654 1880 706 1918 de
737 1880 813 1916 hac
844 1879 1022 1929 epistula
1051 1880 1318 1930 inquirerent,
1350 1880 1545 1918 commoti
1577 1881 1722 1928 suntl).

310 1943 367 1983 Ut
383 1943 468 1982 iam
481 1947 579 1983 ante
593 1943 728 1992 dixi2),
743 1955 895 1984 nomen
907 1955 1029 1982 suum
1042 1956 1126 1984 non
1138 1943 1339 1983 indicavit
1355 1947 1498 1982 auctor
1512 1943 1726 1994 epistulae,

308 2021 442 2059 neque
480 2020 658 2059 usquam
692 2009 810 2047 nobis
841 2009 1021 2047 traditur
1051 2009 1287 2059 quicquam,
1328 2008 1441 2058 quod
1469 2008 1520 2047 de
1559 2012 1727 2047 auctore

311 2073 504 2111 certiores
531 2084 606 2111 nos
634 2071 773 2110 faciat.
829 2073 1028 2112 Attamen
1055 2085 1161 2111 unus
1189 2072 1315 2117 locus,
1344 2084 1468 2123 quem
1493 2071 1726 2111 invenimus

310 2137 424 2187 apud
461 2137 725 2175 Athenaeum
763 2137 825 2174 XI
866 2140 941 2175 506
958 2137 1006 2181 E,
1046 2136 1099 2175 ad
1137 2137 1243 2176 hanc
1282 2136 1503 2187 epistulam
1539 2140 1727 2186 spectare

309 2200 493 2240 videtur:
522 2201 651 2240 verba
677 2200 881 2240 translata
907 2204 1004 2239 sunt
1032 2213 1082 2240 ex
1109 2200 1272 2252 Carysti
1299 2199 1554 2250 Pergameni,
1589 2211 1727 2239 rerum

309 2265 519 2315 scriptoris
547 2265 732 2309 illustris,
762 2265 834 2315 qui
862 2264 1003 2303 floruit
1031 2265 1212 2303 secundo
1241 2277 1276 2302 a.
1309 2265 1399 2304 Chr.
1431 2269 1517 2304 nat.
1548 2264 1724 2309 saeculo,

309 2329 664 2378 commentariis3).
706 2330 898 2378 Legimus
927 2330 1038 2379 apud
1058 2330 1320 2368 Athenaeum
1347 2329 1465 2367 haec:
1496 2327 1618 2373 Οὗτος
1646 2329 1726 2366 ἔστι

438 2424 472 2466 1)
497 2424 679 2467 Explicate
703 2424 746 2456 de
772 2424 838 2456 hac
861 2424 1012 2465 epistula
1035 2423 1201 2457 disseruit
1222 2423 1261 2456 C.
1286 2423 1327 2456 G,
1354 2423 1574 2462 Boehnecke,
1596 2422 1726 2455 Demo-

309 2477 465 2515 sthenes,
482 2477 678 2521 Lykurg0s‚
696 2475 915 2521 Hypereides
932 2487 964 2508 u.
984 2477 1037 2509 ihr
1052 2477 1232 2515 Zeitalter,
1256 2476 1370 2509 Berol.
1392 2476 1484 2515 1864,
1501 2476 1529 2515 I,
1553 2487 1584 2518 p.
1601 2475 1664 2508 442
1673 2485 1723 2518 sq.

439 2532 473 2571 2)
497 2531 566 2563 vid.
592 2542 671 2574 pag.
698 2531 797 2573 llsq.

438 2585 473 2626 3)
497 2585 645 2628 Scripsit
673 2587 881 2628 ὑπομνήματα
909 2586 1058 2627 ἱστορικά,
1095 2595 1245 2627 quorum
1285 2586 1423 2617 servata
1458 2586 1543 2616 sunt
1572 2583 1724 2617 sedecim

308 2639 519 2682 fragmenta,
543 2649 633 2682 quae
657 2639 852 2682 composita
872 2641 957 2671 sunt
980 2638 1075 2672 FHG
1091 2638 1141 2673 IV
1155 2639 1231 2673 356.
