2138 3299
360 490 609 530 nominatim
642 490 792 529 allatos
825 495 897 530 aut
930 492 981 530 de
1011 491 1088 530 illis
1120 491 1249 530 verba
1280 492 1448 542 quidem
1480 492 1640 542 aliquot
1671 487 1795 531 facta*

360 567 459 594 esse.
507 555 648 605 Atque
671 567 770 593 vero
794 556 835 594 in
860 556 922 594 his
947 555 1179 594 Phaedonis
1203 555 1375 605 dialogis
1398 556 1487 594 illos
1512 556 1621 594 viros
1644 557 1781 595 induci

360 619 543 669 potuisse
570 619 650 657 alio
677 619 853 669 dialogo,
882 620 951 670 qui
978 620 1214 658 inscribitur
1241 621 1435 671 Ζώπυρος,
1469 620 1713 665 illustratur,
1739 621 1781 658 in

361 696 444 734 quo
478 683 726 729 Alcibiades,
762 684 833 735 qui
867 684 942 722 hac
977 684 1156 734 epistula
1188 685 1289 722 item
1322 685 1575 729 nominatur,
1610 684 1781 722 interest

359 747 579 799 colloquio,
616 752 663 786 ut
699 748 826 786 otiam
862 748 1024 798 dialogo
1060 761 1121 794 eo,
1159 749 1228 799 qui
1266 749 1436 787 titulum
1472 760 1571 798 prae
1604 760 1648 786 se
1682 748 1780 787 tulit

358 812 663 865 Ἀλκιβιάδηςῑ).
695 813 893 863 Quaestio
914 817 990 858 est,
1013 825 1113 851 num
1138 813 1328 852 Socrates
1350 814 1436 864 ipse
1457 813 1498 851 in
1521 814 1596 851 hoc
1619 813 1780 863 dialogo

358 880 498 926 partes
518 877 695 926 egerit2)‚
716 877 828 927 quod
848 877 995 914 testari
1013 877 1114 914 mihi
1134 877 1300 914 videtur
1320 877 1399 915 Dio
1419 877 1779 927 Chrysosthomus,

357 941 473 979 cuius
500 941 628 980 verba
660 941 853 990 leguntur
881 941 993 991 apud
1023 941 1295 992 Synesium³):
1328 941 1451 980 Ἀλλὰ
1480 943 1548 980 καὶ
1577 941 1777 985 Γλαύκων,

357 1006 459 1043 ἀλλὰ
479 1008 547 1043 καὶ
567 1006 726 1056 Κριτίας
747 1008 792 1044 ἐκ
813 1012 880 1056 τῆς
900 1007 1033 1057 ὁμοίας
1063 1008 1165 1056 αὐτῷ
1197 1006 1237 1051 (i.
1258 1018 1290 1042 e.
1323 1005 1529 1052 Socrates)
1557 1006 1777 1056 διελέγοιτο,

355 1071 423 1109 καὶ
452 1071 542 1109 οὐδὲ
573 1070 703 1122 Σίμων
733 1071 753 1109 ὁ
785 1072 945 1116 σκυτεὺς
981 1071 1082 1109 πάνυ
1120 1083 1152 1108 τι
1183 1075 1397 1121 συγχωρεῖν
1426 1069 1532 1121 ἠξίου
1552 1070 1777 1120 -Σωκράτει,

357 1134 442 1172 ἀλλ’
478 1135 687 1184 ἐπράττετο
725 1135 838 1184 λόγον
876 1135 1043 1173 ἑκάστου
1084 1135 1210 1184 λόγου.
1271 1134 1461 1173 Forsitan
1498 1146 1676 1183 quoque,
1706 1134 1778 1183 qui

355 1198 644 1248 conscripserit
666 1198 888 1248 epistulam
914 1201 936 1235 9
961 1197 1087 1243 ὅσοι,
1116 1197 1299 1236 iudicare
1321 1197 1497 1236 voluerit
1519 1197 1776 1247 Aristippum

355 1262 561 1312 colloquio
576 1275 659 1300 non
676 1262 910 1300 interfuisse
921 1274 928 1307 ;
947 1262 1047 1300 dicit
1065 1262 1173 1299 enim
1190 1262 1272 1299 hic:
1294 1264 1377 1314 ἐμοὶ
1394 1264 1461 1314 μὲν
1470 1264 1546 1313 γὰρ
1560 1263 1775 1313 ἀπηγόρευ-

354 1340 415 1364 ται
445 1332 520 1372 τοῖς
549 1326 810 1378 χειροτέχναις
839 1326 1049 1377 προσιέναι.
1094 1324 1202 1364 Sane
1231 1329 1372 1364 autem
1403 1326 1521 1363 nobis
1540 1326 1775 1363 cavendum

353 1393 429 1433 est,
463 1401 515 1427 ne
547 1390 721 1427 nimium
753 1389 1015 1427 confidamus
1047 1389 1109 1426 his
1143 1389 1292 1432 verbis,
1326 1389 1425 1438 quia
1455 1389 1691 1438 Aristippus
1724 1401 1773 1426 ex

351 1452 465 1491 nulla
487 1453 568 1492 alia
588 1464 714 1492 causa
734 1453 914 1492 sermoni
934 1465 1015 1491 non
1040 1452 1273 1491 interfuerit
1296 1452 1374 1491 nisi
1396 1452 1508 1503 quod
1529 1452 1698 1491 habitus
1719 1453 1773 1490 sit

350 1517 392 1555 in
420 1518 573 1556 sutoris
603 1517 784 1555 officina.

776 1627 834 1661 15.
866 1624 1180 1662 Antisthenis
1213 1623 1353 1663 Simo.

485 1688 705 1726 Praeterea
737 1688 1021 1738 quaerendum
1053 1691 1128 1732 est,
1161 1700 1261 1725 num
1297 1687 1408 1726 Simo
1439 1688 1481 1725 in
1513 1687 1772 1726 Antisthenis

350 1752 533 1803 quodam
551 1752 714 1802 dialogo
732 1752 928 1791 inductus
946 1752 1120 1799 fuerit⁴).
1161 1751 1284 1790 Sutor
1303 1756 1443 1789 utrum
1462 1753 1503 1790 in
1522 1752 1628 1790 vivis
1646 1751 1770 1790 fuerit

486 1839 518 1878 l)
543 1837 589 1870 cf.
612 1838 719 1869 etiam
743 1837 807 1869 Th.
833 1837 1015 1879 Gomperz,
1041 1836 1179 1869 Griech.
1209 1836 1358 1872 Denker,
1382 1836 1447 1873 11⁸,
1472 1847 1504 1878 p.
1524 1836 1596 1869 167.

485 1892 520 1933 2)
544 1891 647 1931 Quod
671 1890 714 1923 ad
738 1894 989 1934 argumentum
1013 1891 1128 1933 ipsum
1152 1891 1290 1932 attinet,
1318 1890 1614 1924 Wilamowitzius
1638 1891 1770 1933 primus

350 1945 386 1986 (l.
413 1956 440 1976 c.
467 1956 498 1986 p.
517 1945 665 1986 187sq.),
697 1945 824 1976 deinde
850 1945 1059 1986 Rudolphus
1085 1945 1203 1976 Hirzel
1234 1945 1374 1986 longius
1404 1945 1632 1986 disputarunt
1662 1948 1769 1986 atque

348 2008 428 2029 cum
456 1998 514 2029 ille
540 1997 728 2030 Prodicum
750 2008 771 2028 a
796 1998 938 2029 Simone
968 1997 1163 2029 refutatum
1199 2008 1275 2029 esse
1307 2000 1462 2036 censeat,
1494 1997 1551 2029 hic
1581 1997 1769 2029 arbitratur

347 2051 382 2082 id
402 2051 436 2082 in
463 2050 608 2083 exordio
625 2051 796 2090 evenisse,
820 2061 890 2092 quo
911 2050 1050 2083 Phaedo
1066 2051 1124 2083 vel
1143 2051 1307 2083 Socrates
1324 2051 1396 2093 ipse
1413 2051 1457 2083 de
1480 2051 1615 2093 ingenti
1639 2051 1768 2083 sutoris

349 2104 522 2146 sapientia
546 2104 652 2135 verba
683 2103 817 2135 faciens
842 2104 1062 2143 enarraverit,
1094 2114 1163 2146 quo
1188 2104 1293 2135 modo
1319 2107 1360 2135 ut
1384 2103 1571 2135 Prodicum
1597 2103 1767 2136 refutaret

345 2156 546 2195 effecisset;
579 2158 613 2189 in
639 2156 781 2199 dialogo
811 2158 896 2199 ipso,
926 2158 1026 2190 cuius
1057 2160 1306 2199 argumentum
1339 2157 1439 2189 nobis
1471 2157 1572 2199 plane
1602 2157 1766 2197 ignotum

346 2211 402 2249 sit,
427 2211 609 2243 Simonem
634 2214 670 2242 et.
692 2210 873 2243 Socratem
898 2211 989 2243 inter
1020 2221 1057 2242 se
1080 2210 1267 2242 dissedisse
1292 2211 1500 2252 suspicatur.
1528 2228 1562 2234 -—
1592 2210 1766 2242 Hirzelius

343 2266 390 2306 (p.
414 2264 493 2305 112)
518 2274 588 2295 non
606 2263 813 2306 comprobat
830 2263 1093 2296 Wilamowitzii
1117 2265 1341 2300 sententiam.
1365 2263 1555 2296 arbitratus
1573 2263 1764 2303 Socratem,

345 2319 405 2360 qui
428 2328 508 2350 cum
534 2321 655 2350 sutore
677 2318 877 2351 collocutus
900 2321 1004 2357 esset,
1031 2317 1167 2350 Prodici
1199 2318 1304 2351 verba
1328 2318 1534 2350 recitantem
1561 2317 1764 2350 convictum

343 2381 434 2403 esse.
482 2371 560 2403 Hoc
582 2374 703 2403 autem
735 2372 868 2413 optimo
898 2375 940 2402 ut
963 2371 1104 2403 videtur
1133 2372 1208 2402 iure
1237 2371 1431 2403 tenendum
1462 2374 1526 2407 est,
1558 2372 1641 2412 quia
1664 2371 1764 2403 nobis

341 2423 576 2466 persuadetur
598 2424 667 2456 toti
691 2423 863 2466 epistulae
896 2427 931 2456 et
954 2424 1104 2457 maxime
1134 2424 1256 2467 primis
1280 2424 1394 2457 verbis
1420 2424 1535 2456 iocum
1560 2426 1666 2466 atque
1689 2423 1763 2455 irri-

342 2478 478 2508 sionem
500 2477 648 2509 subesse
671 2478 733 2516 (οἱ.
760 2478 866 2509 etiam
889 2488 940 2518 ep.
967 2478 987 2509 9
1010 2478 1132 2510 verba:
1157 2480 1197 2510 τὰ
1221 2480 1311 2510 λοιπὰ
1335 2480 1371 2509 δὲ
1395 2479 1478 2518 παρὰ
1501 2479 1632 2515 Σίμωνα
1653 2479 1763 2517 βάδιζε

343 2530 571 2571 διαλεγόμενος.
595 2529 632 2562 οὗ
655 2532 762 2570 μεῖζον
787 2532 819 2561 ἐν
842 2532 939 2571 σοφίᾳ
965 2530 1030 2562 οὐδ’
1057 2531 1140 2563 ἔστιν
1165 2530 1231 2563 οὐδ’
1258 2531 1296 2562 ἂν
1318 2532 1453 2571 γένοιτο.

471 2583 507 2620 3)
531 2594 564 2625 p.
582 2584 623 2615 37
640 2583 681 2615 R.

471 2636 507 2675 4)
531 2635 632 2667 Ferd.
658 2636 853 2671 Diimmler.
879 2636 1141 2676 Antisthenika,
1165 2647 1197 2679 p.
1215 2636 1300 2676 37,1.
1328 2636 1364 2668 O.
1387 2636 1480 2675 Joffl,
1505 2635 1576 2668 Der
1599 2636 1700 2669 echte
1724 2647 1758 2668 u·

340 2689 373 2725 d,
390 2689 608 2732 xenophont.
633 2689 808 2728 SokrateS,
831 2689 880 2723 ΙΙ.
898 2690 926 2722 1.
944 2701 976 2732 p.
995 2690 1057 2723 306
1066 2700 1116 2732 sq.
1144 2690 1393 2723 Antisthenem
1417 2690 1452 2722 'm
1477 2699 1518 2721 eo
1536 2689 1632 2729 libro,
1656 2699 1760 2732 quem
