2138 3299
323 423 604 471 inveniuntur,
627 423 705 463 illis
726 423 982 476 temporibus
1004 436 1090 464 non
1110 423 1346 464 confirmari
1369 428 1497 477 atque
1519 425 1734 477 posteriori

326 489 455 529 aetati
481 488 749 529 attribuenda
772 500 871 528 esse.
921 488 1010 541 Ego
1034 488 1159 540 igitur
1183 489 1435 528 sententiam
1458 502 1601 529 eorum
1625 502 1735 529 com-

325 554 467 605 probo,
485 552 557 605 qui
572 552 795 604 epistulam
809 553 916 592 hanc
933 566 958 591 a
972 554 1136 592 rhetore
1151 554 1334 605 quodam
1349 554 1574 605 posteriore
1589 553 1735 594 fictam

323 629 411 656 esse
440 617 741 656 concluserunt.
803 616 1010 657 Iudicium
1039 617 1312 668 posteriorum
1341 622 1577 669 temporum
1606 618 1735 657 etiam

323 681 419 723 inde
448 680 711 733 intellegitur,
743 681 852 733 quod
885 681 1047 722 duobus
1077 680 1188 727 locis,
1220 681 1265 720 in
1294 683 1553 733 paragrapho
1583 686 1735 734 quarta

321 750 366 785 et
396 746 655 798 paragrapho
686 745 859 792 decima,
892 749 1035 785 auctor
1065 745 1265 797 epistolae
1294 750 1594 785 commemorat
1624 751 1734 785 artes

322 810 546 850 rhetoricas
571 810 778 857 Isocratis,
804 822 912 862 quae
935 814 1126 850 servatae
1149 823 1235 849 non
1257 814 1367 849 sunt.
1424 811 1536 862 Quas
1562 811 1734 850 Isocrati

324 874 401 927 ipsi
419 888 504 915 non
520 874 808 916 attribuendas
825 887 912 914 esse
928 874 1050 915 hodie
1067 874 1209 914 multis
1228 873 1325 914 viris
1343 874 1475 914 doctis
1493 887 1734 926 persuasum

323 940 434 991 est1).
489 939 550 980 Ut
576 939 740 991 plurimi
767 938 985 990 scriptores
1012 943 1171 979 veteres
1199 939 1471 990 posteriorum
1498 944 1733 992 temporum

323 1006 457 1043 artem
484 1002 745 1050 rhetoricam,
775 1015 883 1056 quae
913 1002 1106 1043 Isocratis
1135 1002 1284 1042 iniuria
1312 1003 1558 1050 habebatur,
1590 1016 1733 1044 veram

322 1080 409 1106 esse
427 1067 752 1113 arbitrabantur,
771 1067 832 1106 ita
848 1067 977 1107 etiam
993 1068 1349 1119 epistolographus
1367 1072 1476 1107 artes
1493 1068 1731 1115 rhetoricas,

322 1143 427 1184 quas
465 1131 602 1178 affert,
642 1131 696 1171 ab
734 1131 916 1171 Isocrate
953 1131 1051 1171 vivo
1089 1131 1338 1183 compositas
1376 1131 1501 1171 fuisse
1539 1133 1730 1183 putabat.

322 1195 494 1247 Optimo
530 1196 617 1235 iure
644 1195 842 1247 suspicari
871 1209 1088 1247 possumus
1115 1208 1212 1235 eum
1239 1195 1287 1234 iis
1324 1195 1483 1236 artibus
1520 1196 1733 1236 rhetoricis

321 1271 443 1299 usum
468 1271 568 1306 esse,
598 1272 703 1311 quas
729 1260 1022 1311 posterioribus
1051 1260 1219 1300 demum
1247 1259 1503 1310 temporibus
1532 1260 1732 1299 confictas

320 1335 408 1362 esse
434 1327 612 1363 constat.

452 1387 578 1427 Porro
603 1387 904 1439 respiciendum
930 1391 995 1426 est
1021 1387 1137 1426 varia
1163 1388 1240 1426 hac
1267 1387 1445 1439 epistula
1472 1388 1600 1426 allata
1625 1400 1726 1434 esse,

319 1463 426 1504 quae
449 1465 523 1492 nos
557 1452 748 1492 certiores
781 1451 938 1491 faciant
971 1452 1022 1493 de
1053 1450 1279 1498 simultate,
1323 1464 1430 1503 quae
1463 1451 1587 1491 fuerit
1620 1451 1728 1491 inter

322 1515 598 1569 Speusippum
616 1521 660 1556 et
679 1517 905 1556 Isocratem
923 1516 1092 1568 eiusque
1112 1516 1345 1567 discipulos,
1367 1517 1418 1556 de
1437 1516 1729 1557 stemmatibus

317 1580 586 1633 genealogicis
609 1585 652 1620 et
673 1581 796 1623 rebus
817 1579 1022 1620 historicis
1046 1584 1173 1632 atque
1195 1580 1429 1620 litterarum
1451 1580 1599 1622 studiis
1622 1581 1730 1620 illius

321 1644 484 1685 aetatis.
567 1646 619 1684 In
656 1644 931 1697 suspicionem
972 1645 1207 1684 vocandum
1247 1649 1311 1684 est
1351 1645 1730 1696 epistolographum

319 1708 541 1760 epistulam
571 1709 789 1761 Speusippi
817 1721 959 1749 veram
985 1708 1235 1760 cognovisse.
1265 1732 1317 1738 —
1343 1708 1527 1749 Tametsi
1555 1709 1733 1761 plurima

319 1785 427 1825 quae
453 1773 497 1812 in
522 1773 701 1825 epistula
727 1777 948 1812 narrantur
976 1774 1030 1812 ab
1056 1774 1134 1812 hoe
1162 1774 1216 1813 ab
1243 1773 1312 1812 illo
1340 1778 1729 1820 commemorantur,

318 1841 461 1877 tamen
474 1837 518 1877 in
531 1838 608 1877 hac
622 1837 801 1890 epistula
815 1837 1013 1878 nonnulla
1026 1841 1138 1884 sunt,
1154 1850 1262 1890 quae
1276 1837 1373 1878 alibi
1388 1837 1543 1877 frustra
1556 1850 1731 1890 quaeras

318 1906 446 1954 atque
475 1903 528 1943 ad
556 1915 619 1941 res
649 1902 779 1954 magis
808 1902 1102 1954 perquirendas
1132 1915 1205 1941 nos
1235 1903 1520 1942 adhortentur.
1580 1903 1598 1941 I
1605 1907 1731 1954 taque

316 1965 351 2004 si
379 1967 457 2005 hoc
484 1958 791 2013 constituimus,
819 1966 1042 2018 epistulam
1071 1966 1289 2018 complecti
1319 1967 1431 2007 haud
1462 1967 1595 2005 multa
1623 1979 1731 2018 quae

318 2035 550 2078 memoratu
577 2030 702 2083 digna
729 2031 814 2071 sint
841 2031 975 2071 dicere
1002 2031 1204 2070 nolumus.

835 2181 977 2230 Pars
1009 2181 1198 2230 tertia.

448 2266 648 2307 Extrema
676 2266 797 2306 huius
828 2265 1126 2307 dissertationis
1157 2269 1276 2317 parte
1306 2264 1471 2305 uberius
1502 2265 1602 2304 mihi
1633 2278 1725 2317 pro-

317 2330 435 2383 posui
450 2330 644 2371 disserere
663 2331 714 2372 de
732 2329 918 2382 epistulis
934 2333 984 2370 35
1003 2334 1046 2370 et
1062 2333 1112 2370 36
1132 2333 1187 2381 (p.
1208 2333 1283 2370 634
1292 2342 1353 2382 sq.
1371 2329 1554 2380 Herch.),
1577 2330 1727 2382 quibus

316 2398 506 2435 servatae
518 2398 617 2434 sunt
631 2394 831 2446 plurimae
843 2406 919 2441 res,
929 2406 1033 2446 quas
1047 2393 1144 2434 alibi
1158 2406 1243 2433 non
1255 2393 1529 2440 inveniamus,
1539 2406 1729 2446 quaeque

316 2459 534 2501 abundant
556 2458 852 2500 scommatibus
874 2463 1023 2511 totque
1047 2457 1362 2510 aenigmatibus,
1387 2462 1436 2498 ut
1458 2471 1594 2510 neque
1619 2460 1728 2499 Alla-

445 2566 479 2607 1)
502 2566 556 2599 De
579 2569 654 2600 arte
672 2566 852 2612 „rhetorica
872 2565 1039 2600 Isocratis
1060 2565 1134 2600 vid.
1158 2565 1329 2609 imprimis
1349 2564 1392 2598 Gr.
1415 2564 1548 2606 Thiele,
1579 2564 1729 2600 Hermes

315 2617 455 2653 XXVII
476 2619 599 2662 (1892),
622 2631 656 2662 p.
681 2620 719 2652 11
730 2631 782 2662 sq.
805 2621 861 2653 Fr.
886 2619 970 2660 Leo,
992 2620 1236 2653 Griecherom.
1261 2619 1485 2662 Biographie,
1508 2630 1541 2662 p.
1567 2620 1669 2662 56sq.

1510 2673 1531 2705 6
