2138 3299
916 367 1179 412 ,97-

476 498 542 539 Ex
556 498 744 550 epistulis
757 497 976 538 Socraticis
991 499 1112 538 liceat
1129 499 1362 539 accuratius
1378 499 1559 546 definire,
1582 498 1753 551 Polyxe-

344 576 423 603 nus
452 576 537 615 qua
570 563 869 604 consuetudine
904 564 1150 603 coniunctus
1181 563 1306 603 fuerit
1346 577 1441 603 cum
1478 564 1678 616 Dionysio
1713 568 1756 603 et

344 627 484 667 schola
506 627 766 667 Academica.
804 627 1038 667 Baeumker
1060 628 1100 677 (l.
1125 641 1158 667 c.
1184 641 1224 679 p.
1251 630 1390 679 64sq.)
1414 640 1436 666 e
1458 629 1546 667 loco
1571 628 1757 668 Platonis

346 692 388 730 II
414 691 537 731 314D
566 704 808 742 cognoscere
841 692 934 731 vult
965 692 1211 743 Dionysium
1242 692 1566 744 haudquaquam
1596 693 1756 731 amicis-

345 755 447 797 sime
465 756 582 797 illum
603 756 831 807 contigisse,
856 769 951 797 cum
971 756 1135 795 Rittero
1155 757 1409 796 contrarium
1427 769 1669 807 persuasum
1689 757 1755 797 sit.

346 820 485 871 Atque
502 832 601 859 vero
616 819 700 861 iam
716 832 768 859 ex
781 820 970 871 epistulis
985 820 1217 866 Platonicis,
1243 824 1290 858 ut
1306 820 1406 858 mihi
1422 820 1597 866 videtur,
1623 820 1757 858 elucet

346 883 604 935 Polyxenum
630 886 744 935 apud
771 884 1018 935 Dionysium
1043 897 1206 925 summa
1233 897 1354 924 usum
1379 896 1467 923 esse
1493 884 1755 923 auctoritate.

345 947 525 993 Accedit,
568 949 681 999 quod
722 947 975 999 Speusippus
1013 948 1270 1000 Polyxenum
1308 960 1634 988 commemorans
1672 961 1757 986 una

345 1024 441 1051 cum
465 1012 629 1051 feminis
653 1016 696 1052 et
715 1012 996 1064 pastoribusl),
1027 1012 1167 1064 magni
1193 1012 1433 1052 aestimasse
1458 1025 1543 1052 non
1568 1012 1753 1053 videtur:

346 1077 521 1116 fortasse
549 1077 817 1128 philosophus
852 1077 910 1116 illi
945 1082 993 1117 ut
1021 1078 1232 1129 sophistae
1267 1077 1565 1128 loquacitatem
1597 1077 1758 1117 obicere

344 1141 437 1180 vult
454 1153 588 1193 neque
603 1141 755 1181 mirum
766 1153 854 1180 esse
870 1145 1018 1192 potest,
1040 1142 1149 1193 quia,
1170 1145 1218 1180 ut
1234 1145 1324 1179 erat
1343 1141 1528 1180 Platonis
1545 1141 1759 1180 doctrinae

346 1205 617 1250 adversarius,
654 1205 715 1244 ita
747 1205 958 1257 discipulis
982 1205 1336 1256 familiaribusque
1363 1205 1451 1244 eius
1476 1206 1692 1256 oppositus
1715 1209 1758 1243 et

345 1269 535 1308 inimicus
555 1269 646 1308 fuit.
685 1270 735 1308 In
753 1269 933 1320 epistula
954 1273 1003 1308 36
1023 1269 1126 1308 latet
1147 1269 1236 1308 sine
1255 1270 1383 1310 dubio
1403 1269 1612 1309 cavillatio
1634 1281 1757 1320 quae-

346 1333 444 1373 dam
473 1332 678 1384 Dionysii:
706 1333 811 1379 „Ich
837 1334 973 1372 werde
999 1334 1127 1372 sehon
1153 1347 1237 1372 was
1263 1333 1443 1373 Schones
1470 1334 1607 1378 boren,
1639 1345 1758 1371 wenn

347 1396 579 1448 Polyxenos
601 1399 687 1438 und
710 1397 776 1436 die
796 1397 958 1437 Weiber
980 1402 1064 1436 erst
1086 1410 1171 1437 von
1194 1398 1312 1437 Euch
1336 1397 1390 1435 da
1412 1397 1644 1435 erzshlenf‘
1691 1397 1757 1435 An

344 1465 539 1512 putemus
556 1461 621 1500 hic
637 1461 812 1501 ironiam
829 1461 998 1501 deesse?
1029 1462 1218 1512 Utraque
1235 1461 1360 1511 igitur
1376 1461 1555 1512 epistula
1572 1460 1754 1500 affirma-

344 1529 413 1564 tur
437 1525 695 1577 Polyxenum
717 1525 1016 1567 consuetudine
1038 1538 1160 1564 usum
1182 1537 1270 1564 esse
1292 1538 1377 1564 non
1399 1524 1533 1564 solum
1553 1524 1754 1575 Dionysii,

346 1590 418 1630 sed
455 1587 584 1630 etiam
621 1589 892 1629 Academicae
929 1590 1092 1628 scholae
1128 1590 1490 1640 praeceptorum2).
1546 1588 1750 1632 Similiter,

346 1665 453 1704 quae
476 1653 679 1704 epistulae
707 1653 941 1692 Socraticae
965 1653 1182 1704 proferunt
1208 1655 1259 1694 de
1283 1651 1568 1701 Philistione³)‚
1599 1652 1757 1692 medico

346 1717 548 1763 Locrensi,
582 1730 677 1757 cum
704 1718 763 1756 eis
791 1730 899 1768 quae
925 1717 1129 1768 epistulae
1149 1717 1387 1756 Platonicae
1414 1717 1623 1761 exhibent,
1658 1729 1758 1755 con-

345 1781 537 1821 feramus.

475 1846 507 1887 1)
533 1845 589 1877 An
614 1846 724 1879 verba
749 1845 924 1883 Πολύξενον
944 1846 995 1879 καὶ
1014 1846 1090 1880 τοὺς
1110 1846 1258 1889 ἑταίρους
1287 1845 1393 1878 etiam
1423 1843 1660 1888 respondeant
1689 1843 1759 1877 illis

344 1899 516 1931 similibus
545 1909 597 1941 ep.
609 1899 639 1936 5,
667 1902 711 1931 ut
731 1899 908 1941 legamus:
943 1900 1118 1937 Πολύξενος
1138 1903 1171 1932 ἐν
1201 1904 1269 1933 τοῖς
1291 1902 1429 1942 &nepocs-
1448 1898 1646 1942 καθήμενοςῖ

473 1953 508 1994 2)
533 1951 716 1992 Quaeram,
747 1962 832 1984 num
863 1963 950 1994 quae
980 1954 1119 1984 rettulit
1149 1953 1354 1996 Polyxenus
1384 1953 1427 1983 de
1454 1953 1614 1983 Platonis
1638 1952 1759 1984 amicis

345 2005 538 2045 malevolis,
561 2008 723 2048 spectent
736 2005 781 2038 ad
794 2005 902 2038 verba.
925 2016 979 2048 ep.
997 2005 1054 2039 35:
1080 2008 1129 2039 ὅτι
1144 2006 1322 2049 διαλέγεται
1345 2007 1414 2049 περὶ
1437 2006 1496 2038 σοῦ
1512 2007 1552 2037 τὰ
1574 2005 1681 2037 παιδία
1699 2029 1707 2037 .
1723 2029 1732 2037 .
1749 2029 1756 2037 .

346 2060 397 2092 καὶ
422 2059 598 2096 Πολύξενος
618 2061 652 2092 ἐν
673 2062 742 2093 τοῖς
760 2061 963 2102 πορθμείοιςῗ
1770 2056 1773 2057 ⁷

474 2113 509 2154 3)
533 2112 630 2153 Quae
656 2116 739 2146 nota
763 2117 848 2146 sunt
869 2112 912 2146 de
927 2113 995 2146 hoc
1010 2111 1145 2145 medico
1169 2112 1315 2155 eiusque
1339 2112 1537 2155 fragmenta
1559 2114 1758 2157 composuit

346 2168 430 2199 Max
454 2167 665 2207 Wellmann,
696 2167 775 2210 Frg.
800 2166 924 2200 medic.
949 2177 1063 2209 graec.
1086 2170 1112 2199 t.
1135 2167 1163 2198 Ι.
1186 2177 1268 2209 pgg.
1294 2167 1335 2199 67
1359 2176 1410 2209 sq.
1437 2167 1501 2200 109
1515 2177 1576 2210 sq„
1606 2168 1670 2200 sed
1694 2169 1757 2201 has

346 2221 515 2263 epistulas
527 2221 658 2254 omisit.
673 2239 708 2245 —
723 2221 966 2254 Philistionem
978 2223 1101 2253 natum
1113 2229 1190 2253 esse
1197 2220 1318 2253 Locris
1330 2223 1440 2253 testes
1456 2225 1540 2253 sunt
1547 2221 1757 2255 Plutarchus

346 2277 481 2317 quaest.
511 2275 651 2308 conviv.
681 2274 784 2308 VIIl
816 2277 853 2308 et
883 2275 1086 2307 Athenaeus
1122 2274 1177 2306 111
1197 2274 1257 2307 115
1268 2274 1308 2311 D,
1344 2274 1510 2306 tribuitur
1546 2278 1615 2308 τοῖς
1639 2277 1673 2307 ἐκ
1702 2281 1761 2319 τῆς

345 2328 481 2361 Ἰταλίας
503 2329 625 2371 ἰατροῖς
651 2339 672 2360 a
700 2329 834 2361 Galeno
857 2329 895 2362 X
910 2329 930 2361 6
955 2331 993 2361 et
1014 2327 1108 2360 Rufo
1140 2327 1207 2368 (ed.
1233 2327 1358 2360 Ruelle
1379 2327 1465 2369 162).
1504 2327 1598 2359 Num
1628 2339 1758 2361 nomen

346 2382 422 2413 eins
446 2381 637 2423 legendum
661 2382 709 2414 sit
736 2382 772 2413 in
803 2381 1002 2424 fragmento
1032 2381 1184 2424 quodam
1214 2381 1480 2420 Herculanensi,
1512 2381 1573 2413 ubi
1606 2381 1759 2414 refertur

345 2433 390 2466 de
422 2434 566 2467 Socrate
596 2435 744 2477 eiusque
771 2435 892 2468 schola
926 2435 986 2478 (cf.
1020 2435 1142 2468 Rhein.
1174 2434 1264 2467 Mus.
1289 2434 1391 2467 LVII
1416 2434 1507 2473 1902,
1543 2445 1574 2477 p.
1599 2434 1676 2476 296)
1713 2435 1759 2467 ad

346 2487 455 2521 verba
476 2489 531 2521 τὸν
553 2488 673 2531 Λοκρόν
695 2488 930 2531 supplendum
952 2489 1008 2531 sit,
1041 2499 1110 2531 quo
1133 2488 1212 2521 loco
1237 2487 1334 2520 Diels
1357 2488 1539 2530 proposuit
1566 2487 1759 2530 legendum

350 2541 497 2582 Τίμαιον,
513 2551 580 2583 ego
593 2552 769 2584 quaeram.
786 2541 1029 2582 Callimachus,
1051 2542 1113 2584 qui
1133 2544 1176 2574 ut
1197 2543 1348 2574 testatur
1372 2540 1478 2583 Diog.
1494 2539 1535 2572 L.
1551 2540 1641 2573 VIII
1653 2541 1704 2574 86.
1718 2542 1760 2574 89

347 2604 428 2627 eum
445 2594 604 2628 Siculum
628 2598 743 2634 vocat,
769 2596 868 2629 nulla
891 2596 960 2629 alia
982 2606 1088 2629 causa
1109 2594 1283 2628 adductus
1306 2604 1383 2628 esse
1405 2593 1549 2627 videtur
1573 2595 1640 2628 nisi
1666 2595 1761 2638 quod

347 2652 492 2683 secutus
521 2652 577 2683 est
599 2650 760 2683 Philistio
793 2649 971 2683 doctrinas
1001 2649 1215 2683 medicorum
1246 2648 1454 2688 Siculorum,
1486 2659 1637 2691 quorum
1667 2650 1762 2682 inter

346 2702 476 2745 primos
499 2703 617 2735 locum
642 2703 807 2736 habuisse
832 2714 913 2736 eum
936 2703 1091 2736 Galenus
1116 2702 1214 2736 dicit.
1541 2745 1561 2778 7
